2390 3782
183 247 221 308 24
442 244 645 305 CORNELII
670 244 816 306 rsolrl

182 377 366 437 Britanniam
383 376 501 435 vicistis.
544 377 601 435 Tot
619 378 860 454 expeditionibus,
882 385 927 437 tot
949 381 1074 456 proeliis,

182 497 233 535 seu
246 476 419 535 fortitudine
433 474 571 533 adversus
586 476 684 534 hostes
700 495 751 534 seu
768 477 910 555 patientia
926 497 960 536 ac
977 477 1076 539 labore

182 593 274 651 paene
286 575 425 632 adversus
438 572 531 648 ipsam
544 591 642 632 rerum
657 579 794 632 naturam
808 593 880 652 opus
896 575 962 648 fuit,
981 593 1076 654 neque

182 693 228 732 me
241 672 371 730 militum
385 689 481 746 neque
497 689 549 728 vos
566 670 647 730 ducis
665 671 831 747 poenituit,
862 671 941 749 Ergo
962 674 1074 751 egressi,

182 793 235 850 ego
253 776 387 829 veterum
406 767 575 844 legatorum,
597 786 649 826 vos
669 767 799 845 priorum
818 769 1000 828 exercituum
1019 775 1077 828 ter-

182 871 284 940 minos,
308 865 397 922 finem
419 862 591 922 Britanniae
617 884 678 923 non
699 865 776 923 fama
798 883 853 923 nec
877 885 1001 940 rumore,
1026 867 1077 926 sed

183 970 284 1030 castris
302 973 332 1026 et
347 963 435 1024 armis
452 968 594 1024 tenemus.
637 965 765 1022 Inventa
785 964 941 1024 Britannia
960 972 990 1025 et
1009 967 1077 1024 sub·

183 1074 255 1127 acta
298 1065 443 1146 Equidem
467 1085 552 1143 saepe
572 1065 605 1122 in
629 1063 750 1141 agmine,
773 1082 864 1140 quum
884 1083 937 1123 vos
956 1064 1078 1142 paludes

183 1171 333 1224 montesve
360 1173 390 1225 et
416 1165 539 1225 flumina
564 1161 729 1238 fatigarent,
758 1161 910 1220 fortissimi
937 1163 1077 1240 cuiusque
1173 1233 1176 1238 Ι

183 1281 268 1320 voces
281 1263 449 1322 audiebam:
470 1259 587 1339 quando
601 1258 719 1316 dabitur
735 1257 835 1330 hostis,
850 1259 965 1336 quaudo
981 1260 1073 1320 aciest

184 1359 329 1433 Veniimt,
346 1380 362 1418 e
382 1360 502 1419 latebris
521 1357 582 1415 suis
602 1355 723 1427 extremi,
743 1362 774 1414 et
790 1360 860 1413 vcta
875 1357 1026 1434 uirtusque
1044 1357 1078 1416 in

184 1463 292 1535 aperto,
307 1460 461 1537 omniaque
474 1476 567 1536 prona
581 1454 750 1521 victoribus,
767 1458 857 1531 atque
872 1453 973 1512 eadem
990 1454 1078 1512 victis
1193 1467 1194 1476 ³

185 1555 311 1614 adversa.
354 1555 434 1613 Nam
457 1559 492 1612 ut
518 1569 667 1629 superasse
693 1555 811 1608 tautum
838 1550 960 1623 itineris,
990 1551 1078 1610 silvas
1193 1593 1194 1610 1

185 1652 316 1724 evasisse,
339 1651 476 1709 transisse
494 1648 640 1707 aestuaria
659 1647 814 1724 pulchrum
836 1666 871 1705 ao
888 1647 1023 1706 decorum
1044 1649 1079 1706 in
1193 1709 1194 1726 χ

185 1747 320 1820 frontem,
344 1748 388 1806 ita
410 1746 592 1823 fugientibus
615 1744 864 1822 periculosissima,
890 1765 965 1822 quae
991 1745 1079 1804 hodie
1193 1737 1194 1752 ¹

186 1845 378 1921 prosperrima
402 1849 478 1902 suut.
521 1843 626 1920 Neque
653 1843 732 1900 enim
758 1843 843 1900 nobis
869 1849 922 1901 aut
948 1843 1079 1902 locorum

187 1942 286 2000 eadem
311 1943 418 2002 notitia
444 1947 496 2001 aut
523 1947 736 1999 commeatuum
762 1941 863 2000 eadem
890 1941 1077 2016 abundantia,

187 2038 237 2096 sed
259 2057 362 2096 manus
387 2044 417 2096 et
438 2057 526 2110 arma,
551 2038 634 2096 etin
653 2037 699 2096 his
719 2036 824 2096 omnia
867 2036 953 2105 Quod
972 2037 1009 2096 ad
1031 2057 1079 2096 me
1106 2101 1110 2112 ,

185 2135 303 2206 attinet,
317 2136 377 2193 iam
389 2135 503 2213 pridem
516 2134 590 2192 mihi
603 2135 751 2193 decretum
765 2139 810 2192 est
821 2152 917 2210 neque
933 2134 1080 2193 exercitus

185 2254 281 2311 neque
294 2235 376 2294 ducis
388 2239 472 2312 terga
484 2239 550 2292 tuta
563 2252 630 2292 essa
672 2231 800 2291 Proinde
818 2237 848 2290 et
862 2231 986 2290 honesta
1001 2251 1080 2290 mors

184 2332 268 2409 ›tmpi
283 2332 347 2391 vita
362 2332 466 2409 potior,
484 2335 514 2388 et
529 2329 715 2389 incolumitas
735 2347 768 2386 so
789 2328 876 2386 decus
896 2327 996 2385 eodem
1016 2327 1080 2385 loco

188 2428 245 2486 sita
271 2435 355 2502 sunt3
378 2446 431 2486 nec
453 2426 611 2503 inglorium
633 2425 775 2484 fueritin
794 2425 857 2502 ipso
880 2431 1025 2485 terrarum
1046 2445 1081 2486 ao

188 2529 310 2582 naturae
322 2525 380 2582 fine
394 2524 535 2584 cecidisse.

247 2618 403 2680 XXXIV.
445 2620 477 2678 si
490 2639 583 2678 novae
595 2624 696 2696 gentes
709 2624 798 2698 atque
811 2620 912 2697 ignota
924 2619 1000 2679 acies
1014 2641 1081 2680 con·

189 2717 318 2786 stitissat,
343 2716 467 2775 aliorum
488 2717 670 2776 exercituum
693 2717 834 2794 exemplis
857 2735 910 2774 vos
929 2716 1064 2776 hortarer
1069 2739 1079 2793 3

189 2831 267 2870 nunc
277 2818 375 2871 vestra
384 2814 487 2872 decora
495 2819 648 2885 recensete,
660 2819 772 2871 vestros
782 2813 879 2871 oeulos
889 2814 1078 2890 interrogate.

191 2908 236 2966 Hi
262 2915 339 2982 sunt,
365 2929 437 2987 quos
459 2911 594 2987 proximo
620 2929 698 2967 anno
719 2928 809 2968 unam
832 2910 977 2987 legionem
999 2910 1081 2969 furto

189 3005 283 3064 noetis
309 3025 455 3083 aggressos
485 3006 608 3065 clamore
638 3006 819 3081 debellastis;
852 3006 886 3066 hi
917 3015 1081 3068 ceterorum

191 3103 400 3162 Britannorum
413 3105 596 3182 fugacissimi,
613 3104 736 3182 ideoque
752 3110 815 3163 tam
832 3105 884 3163 din
899 3106 1077 3182 superstites

192 3199 342 3269 Quomodo
364 3202 450 3259 silvas
473 3202 621 3279 saltusque
643 3203 866 3279 penetrantibus
888 3203 1080 3261 fortissimum

191 3297 326 3374 quodque
343 3298 452 3356 animal
468 3304 569 3357 contra
585 3299 825 3377 ruera—pavida
841 3306 871 3358 et
891 3301 998 3358 inertia
1017 3301 1081 3378 ipso

192 3395 316 3470 agminis
343 3413 413 3453 sono
440 3395 685 3472 pelluntur,-sio
711 3397 844 3455 acerrimi
871 3398 1081 3456 Britannorum

192 3491 250 3550 iam
258 3492 372 3570 pridem
386 3492 560 3567 oeciderunt,
569 3493 699 3570 reliquus
708 3499 898 3556 estnumems
908 3496 1081 3574 ignavorum
