2392 3788
190 269 229 327 20
357 300 359 306 ν
454 265 660 329 CORNELII
685 264 827 327 rhem

89 477 91 484 y
188 418 281 478 usque
303 399 442 459 sinuetur.
485 399 557 458 Tam
583 400 758 459 immensum
782 405 924 458 terrarum
948 395 1074 478 spatium

188 518 249 558 nou
269 507 372 560 tenent
393 506 510 559 tantum
533 500 650 573 Chauci,
673 498 723 558 sed
743 505 774 556 et
793 499 925 577 implent,
950 498 1075 577 populus

187 594 267 653 inter
290 579 449 654 Germanos
475 595 679 666 nobilissimus,
708 595 818 672 quique
843 595 1075 672 magnitudinem

188 697 270 752 auam
292 694 378 752 malit
400 693 514 752 iustitia
534 695 618 754 tueri.
662 692 731 750 Sina
752 691 919 769 eupiditate,
941 692 1003 749 sine
1023 691 1076 748 im-

187 789 327 866 potentia,
366 789 458 867 quieti
492 790 653 866 secretique
682 788 765 847 nulla
797 799 956 866 provocant
989 788 1074 860 belia,

187 885 277 944 nullis
298 887 430 963 raptibus
451 891 504 944 aut
525 886 686 945 latrociniis
707 886 892 963 populantur.
936 885 973 942 Id
994 903 1076 961 prae·

188 981 305 1058 cipuum
326 981 447 1040 vhtutie
462 1000 495 1040 ae
516 981 625 1039 virium
642 987 848 1058 argumentum
865 989 916 1053 est,
936 983 1020 1058 quod,
1040 989 1075 1039 ut

188 1077 348 1154 superiores
385 1082 483 1154 agant,
519 1095 579 1135 non
615 1096 668 1153 per
706 1077 829 1135 iniuriae
869 1084 1073 1154 assequuntur.

189 1172 329 1250 Prompta
341 1178 440 1232 tamen
456 1175 590 1232 omnibus
606 1194 695 1248 arma,
712 1194 753 1247 ac,
771 1175 797 1233 si
812 1181 977 1252 respuerat,
993 1193 1077 1233 exer-

188 1269 272 1344 citus,
294 1269 454 1347 plurimum
475 1271 606 1329 virorum
633 1289 831 1350 equorumque
836 1291 847 1346 3
874 1277 904 1330 et
928 1271 1076 1349 quiescen-

188 1366 268 1425 tibus
281 1366 380 1426 cedem
393 1369 476 1426 fama.

247 1463 402 1526 XXXVI.
443 1466 482 1526 In
509 1466 600 1525 latere
632 1465 816 1526 Chaucorum
842 1467 1076 1543 Chattorumque

189 1562 327 1621 Cherusci
345 1563 467 1622 nimiam
487 1582 521 1622 ao
540 1571 719 1624 marcentem
739 1566 791 1625 diu
806 1585 908 1643 paoem
925 1567 1076 1624 iilaoessiti

188 1661 364 1735 nutrienmt,
392 1663 480 1739 idque
506 1662 662 1722 iucundius
685 1682 773 1741 quam
796 1665 891 1722 tutius
914 1665 979 1737 suit,
1004 1663 1076 1739 quia

187 1760 266 1818 inter
284 1759 457 1835 impotentes
477 1764 508 1817 et
525 1759 637 1818 validos
654 1747 726 1819 falso
746 1761 891 1839 quiescae3
913 1761 964 1819 ubi
985 1780 1075 1818 manu

188 1857 293 1934 agitur,
314 1855 455 1914 modestia
475 1875 508 1914 ao
528 1857 657 1934 probitas
677 1859 798 1916 nomina
817 1857 972 1935 superioris
995 1865 1072 1917 sunt.

188 1953 238 2012 Ita
263 1953 315 2031 qui
335 1952 406 2011 olim
428 1953 499 2011 boni
525 1953 667 2031 aequique
692 1953 838 2027 Cherusci,
863 1973 941 2012 nunc
963 1953 1074 2012 inertes

187 2071 221 2110 ac
247 2051 331 2111 stulti
354 2057 503 2123 vocantur,
529 2049 645 2109 Chattis
662 2051 823 2110 victoribus
842 2051 961 2109 fortuna
977 2051 1009 2107 in
1030 2069 1075 2108 sa-

187 2149 327 2227 pientiam
347 2149 440 2208 cessit.
483 2147 582 2207 'Praeti
604 2148 689 2206 ruina
711 2147 921 2206 Cheruscorum
942 2152 973 2204 et
995 2146 1072 2219 Fosi,

187 2247 368 2306 contermina
388 2265 474 2324 gena;
497 2247 683 2306 adversarum
707 2267 804 2305 rerum
829 2266 978 2324 exaequo
1001 2247 1074 2306 socii

187 2349 264 2416 sunt,
279 2362 370 2420 quum
382 2343 415 2402 in
427 2343 561 2402 secundis
573 2343 699 2401 minores
711 2344 841 2402 fiiissent

245 2432 420 2499 XXXVII.
462 2439 596 2498 Eundem
618 2439 790 2499 Germaniae
818 2439 916 2499 einum
944 2437 1074 2517 proximi

187 2535 301 2596 Oceano
316 2536 428 2597 Cimbri
446 2542 557 2611 tenent,
576 2555 667 2613 parva
684 2555 763 2595 nunc
779 2537 889 2610 civitas,
911 2537 960 2596 sed
981 2539 1075 2614 gloria

185 2634 294 2712 ingens.
343 2635 520 2713 Veterisque
555 2636 649 2693 famae
684 2634 746 2693 lata
780 2634 903 2711 vestime
939 2643 1070 2708 manent,

186 2736 310 2809 utraque
332 2733 397 2809 ripa
420 2739 513 2791 castra
536 2751 570 2790 ac
590 2732 691 2810 spatia,
713 2749 838 2810 quorum
860 2731 973 2790 ambitu
993 2750 1075 2791 nuno

185 2839 301 2906 quoque
333 2829 463 2888 metiaris
493 2829 600 2888 molem
633 2845 793 2906 manusque
824 2829 920 2906 gentis
950 2835 981 2886 et
1010 2835 1074 2888 tam

185 2929 284 3007 magni
324 2913 422 2988 exitiis
460 2929 555 2988 fidem.
605 2929 855 2989 sexcentesimum
894 2933 925 2986 et
950 2927 1075 3004 quadra·

185 3026 328 3102 gesimum
349 3040 460 3084 annum
483 3027 552 3084 urbs
573 3030 674 3084 nostra
694 3026 805 3102 agebat,
829 3043 919 3102 quum
944 3025 1074 3102 primum

104 3129 107 3137 '
186 3120 369 3182 Cimbrorum
396 3114 497 3182 audita
530 3129 599 3181 sunt
626 3141 707 3180 arma
736 3121 861 3180 Caecilio
891 3121 1013 3179 Metello
1039 3141 1075 3180 ac

186 3217 303 3295 Papirio
317 3218 448 3279 Carbone
464 3235 532 3278 coss.
576 3219 623 3278 Ex
641 3237 699 3296 quo
714 3219 740 3277 si
756 3219 793 3278 ad
809 3220 933 3277 alterum
951 3219 1073 3296 impera·

186 3315 259 3374 toris
277 3315 396 3375 Traiani
417 3317 599 3377 consulatum
620 3323 826 3394 computemus,
846 3315 965 3375 ducenti
982 3317 1074 3376 ferme

186 3419 216 3472 et
229 3415 328 3474 decem
337 3416 407 3474 anni
415 3416 599 3494 oolligrmtur.
632 3416 757 3475 Tamdiu
768 3414 924 3474 Carmania
933 3414 1070 3473 vincitur.

186 3509 286 3571 Medio
306 3519 367 3572 tam
387 3512 467 3592 longi
487 3513 552 3573 aevi
576 3514 670 3592 spatio
693 3515 788 3572 multa
810 3512 934 3572 Invicem
956 3514 1070 3572 damna.
