2390 3782
360 277 564 341 leemosi
593 279 767 339 lV.-VII.
991 289 1008 343 5

123 411 293 468 aviditatem
313 429 423 487 pronus
442 411 626 488 quantalibet
646 411 788 470 facilitate
806 411 1009 488 redempturus

122 513 199 566 esset
219 513 351 564 mutuam
373 506 636 597 dissimulationem
659 507 737 566 mali
779 508 896 567 Auetus
910 517 954 568 est
966 511 1009 569 ibi

122 602 191 674 filia,
205 602 237 659 in
250 603 412 661 subsidium
426 603 514 662 simul
527 612 558 663 et
571 605 727 680 solatium3
747 626 817 665 nam
830 607 925 666 filium
940 614 1008 668 ante

121 698 269 756 sublatum
292 699 375 758 brevi
401 700 506 758 amisit
557 701 632 760 Mox
657 703 737 760 inter
762 711 948 780 quaesturam
974 725 1008 764 ao

120 795 306 855 tribunatum
326 795 418 873 plebis
437 803 526 876 atque
545 799 642 876 ipsum
662 800 751 859 etiam
771 802 939 861 tribunatus
957 822 1007 861 an·

118 909 194 952 num
213 893 312 969 quiete
330 898 361 951 et
380 893 440 952 otio
460 897 586 971 transiit,
601 916 710 974 gnarus
727 899 782 956 sub
800 898 917 958 Nerone
934 905 1008 957 tem-

120 1009 233 1067 porum,
248 991 354 1068 quibus
366 992 475 1051 inertia
491 1013 544 1070 pro
562 995 705 1071 sapientia
724 995 788 1056 fuit
821 995 915 1054 Idem
927 1015 1007 1073 prae·

120 1094 206 1145 turae
228 1093 314 1146 tenor
339 1093 370 1146 et
392 1088 542 1149 silentium
552 1111 562 1164 3
586 1111 640 1149 nec
663 1091 743 1149 enim
769 1092 932 1150 iurisdictio
958 1093 1006 1150 ob-

119 1193 248 1249 venerat.
278 1187 376 1246 Ludos
389 1193 420 1246 et
432 1188 532 1246 inania
544 1188 662 1248 honoris
675 1189 771 1248 medio
784 1190 905 1248 rationis
918 1196 1006 1268 atque

119 1285 316 1346 abundantiae
343 1287 437 1360 duxit,
465 1288 513 1346 uti
538 1288 623 1365 longe
649 1308 668 1348 a
693 1289 819 1361 luxuria,
847 1290 891 1348 ita
912 1291 1006 1349 famae

119 1383 244 1460 propior,
286 1383 362 1441 Tum
386 1383 493 1442 electus
514 1403 532 1441 a
556 1384 650 1443 Galba
672 1385 710 1442 ad
730 1386 808 1444 dona
830 1387 1006 1462 templorum

111 1482 354 1557 recognoscenda,
377 1481 599 1558 diligentissima
625 1481 837 1559 conquisitione
863 1482 940 1556 fecit,
967 1503 1005 1542 ne

117 1578 203 1635 cuius
223 1578 344 1636 alterins
367 1579 549 1657 sacrilegium
569 1599 616 1638 res
636 1580 752 1656 publice
773 1600 860 1658 quam
879 1581 1005 1641 Neronis

119 1675 262 1735 sensisset.

180 1771 255 1830 VII.
300 1772 429 1850 Sequens
450 1790 544 1832 annus
562 1774 645 1851 gravi
666 1774 787 1834 vulnere
804 1774 935 1834 animum
956 1775 1004 1832 do-

119 1886 259 1944 mumque
272 1867 334 1926 eius
347 1869 461 1926 afflixit.
501 1868 581 1926 Nam
594 1869 691 1927 elassis
705 1869 872 1929 Othoniana
884 1869 1004 1927 licenter

7 2031 8 2034 Ἴ
119 1984 201 2042 vaga,
224 1965 294 2023 dum
319 1965 489 2024 Intemelios
516 1965 665 2044 (Liguriae
688 1986 755 2043 pars
778 1965 833 2046 est)
858 1965 1004 2024 hostiliter

7 2059 8 2072 ¹
117 2063 284 2140 populatur,
299 2069 423 2121 matrem
436 2063 591 2140 Agricolae
599 2064 632 2122 in
641 2063 767 2140 praediis
776 2064 836 2122 suis
849 2064 1002 2135 interiecit

117 2159 293 2237 praediaque
302 2161 365 2236 ipsa
375 2153 405 2218 et
417 2181 552 2237 magnam
565 2161 734 2238 patrimonii
747 2167 860 2238 partem
872 2160 1000 2236 diripuit,

117 2258 194 2330 quae
208 2259 307 2313 caussa
319 2256 414 2314 caedis
430 2257 532 2316 fuerat
553 2257 653 2332 Igitur
669 2258 709 2314 ad
721 2257 872 2314 sollemnia
884 2255 1001 2332 pietatis

117 2350 264 2427 profectus
285 2352 423 2429 Agricola
445 2353 550 2412 nuntio
571 2355 698 2413 affectati
716 2375 734 2412 a
749 2353 929 2432 Vespasiano
948 2353 1001 2412 im-

116 2447 194 2524 perii
207 2449 408 2525 deprehensus,
421 2469 453 2507 ac
466 2451 565 2508 statim
579 2451 611 2508 in
627 2457 723 2527 partes
741 2457 935 2528 transgressus
947 2457 998 2510 est

117 2543 212 2601 Initia
229 2544 408 2621 principatus
425 2563 459 2602 ae
476 2551 585 2602 statum
602 2545 683 2603 urbis
705 2545 860 2603 Mucianus
874 2547 998 2622 regebat

118 2639 225 2695 iuvene
245 2639 402 2698 admodum
426 2639 602 2714 Domitiano,
626 2647 657 2698 et
681 2659 719 2699 ex
741 2647 863 2718 paterna
883 2643 1000 2700 fortuna

119 2739 235 2793 tantum
255 2734 404 2793 licentiam
426 2741 591 2812 usurpante.
634 2734 666 2792 Is
686 2735 807 2793 missum
818 2736 856 2793 ad
873 2736 1001 2795 delectus

115 2831 243 2906 agendos
265 2831 433 2908 Agricolam
459 2833 628 2909 integreque
655 2850 688 2888 ae
714 2838 831 2890 strenus
854 2840 999 2892 versatum

116 2926 271 2984 vicesimae
288 2927 401 3004 legioni,
417 2929 499 2986 tarde
517 2929 554 2986 ad
572 2935 782 2987 sacramentum
798 2935 997 3005 transgressae,

117 3023 291 3098 praeposuit,
316 3024 367 3081 ubi
388 3024 516 3082 decessor
541 3024 677 3082 seditiose
703 3043 786 3100 agere
809 3027 999 3095 narrabatur3

117 3119 227 3196 quippe
258 3118 359 3196 legatis
390 3139 505 3197 quoque
533 3119 731 3178 consularibus
761 3119 852 3177 nimia
882 3139 916 3177 ac
945 3119 999 3176 foa

117 3213 258 3270 midolosa
276 3221 346 3287 erat,
365 3233 419 3273 nec
436 3215 548 3292 legatus
571 3216 733 3293 praetorius
754 3215 792 3272 ad
808 3214 998 3274 cohibendum

116 3316 230 3387 potens,
249 3309 400 3385 incertum,
424 3331 475 3369 suo
495 3332 533 3369 an
554 3311 682 3369 militum
700 3311 823 3387 ingenio.
866 3309 916 3368 Ita
938 3328 999 3368 sue

117 3427 212 3466 sessor
233 3407 319 3466 sirum
346 3415 377 3466 et
400 3409 479 3466 ultor
500 3409 608 3466 electus
631 3408 777 3465 rarissima
803 3405 999 3464 moderatione

116 3503 224 3562 maluit
237 3503 330 3562 videri
342 3505 487 3564 invenisse
500 3505 590 3563 bonos
603 3523 690 3580 quam
703 3502 810 3562 fecisse.
