2406 3782
177 261 215 322 14
296 305 301 314 -
361 319 364 326 Δ
437 257 641 325 CORNELII
665 255 808 323 rrum

176 391 345 464 deliberent,
371 391 442 450 dum
469 390 578 468 fingere
603 390 747 461 nesciunt,
774 390 968 465 constituunt,
992 390 1065 450 dum

176 493 486 566 errarenonpossunt
610 549 612 554 ,

175 641 218 658 Μ,
234 585 366 656 XXIIL
406 584 496 648 Potui
518 584 625 644 humor
646 604 686 644 ex
708 584 817 646 hordeo
837 590 890 644 eut
908 586 1063 661 frumento,

175 683 209 744 in
231 682 388 759 quemdem
408 681 634 754 similtudinem,
652 682 716 754 vini
737 687 910 760 corruptum
938 684 1066 762 proximi

176 781 256 857 ripae
279 784 315 853 et
329 779 433 850 vinum
456 783 631 849 mercentur.
675 777 742 838 cibi
760 779 915 858 simplices,
940 783 1066 860 agrestia

176 871 270 954 poure,
285 895 385 952 recens
397 867 467 949 fera,
482 881 536 936 eut
547 876 593 935 luc
606 882 781 939 concretum.
823 878 894 939 Sine
913 886 1064 960 apparatu,

177 976 240 1052 ¹eine
250 1047 251 1050 Ἴ
261 973 468 1044 blandimentis
488 973 642 1052 expellunt
659 974 773 1036 lumem.
814 976 969 1036 Adversus
984 978 1066 1038 sitim

176 1092 236 1133 non
256 1073 357 1133 eadem
376 1070 578 1148 temperentin
618 1070 654 1132 Si
672 1071 828 1132 indulseris
848 1074 985 1136 ebrietati
999 1095 1065 1154 eug·

177 1171 303 1248 gerendo
320 1175 474 1248 ¹quantum
499 1170 716 1247 concupiscunt,
741 1170 823 1232 heud
852 1174 951 1234 minue
981 1175 1066 1238 fecile

177 1268 261 1326 vitiis
274 1285 360 1345 quem
374 1266 463 1325 errnie
477 1266 641 1326 vincentur.

237 1362 366 1424 XXIV.
415 1362 515 1422 Genus
542 1364 774 1440 specteculorum
799 1385 893 1426 unum
918 1373 1011 1446 etque
1033 1369 1067 1430 in

179 1462 259 1522 omni
271 1465 357 1519 coetu
369 1459 455 1520 idem.
497 1459 581 1518 Nudi
601 1460 728 1534 iuvenes,
749 1462 856 1539 quibus
873 1463 905 1522 id
920 1465 1067 1524 ludicrum

178 1566 232 1637 eet,
253 1557 332 1633 inter
352 1558 462 1634 gladios
482 1575 514 1615 ee
534 1562 624 1634 etque
644 1557 766 1628 infestes
785 1558 909 1618 frumeee
927 1559 1006 1620 saltu
1024 1560 1067 1620 ie·

179 1659 268 1721 ciunt.
310 1656 492 1718 Exercitatio
515 1663 609 1716 ortem
631 1658 755 1733 paravit,
775 1677 822 1716 ere
843 1658 983 1731 decorem,
1005 1678 1067 1720 non

178 1761 210 1834 in
228 1761 381 1836 quaestum
398 1761 498 1814 temen
513 1761 567 1824 ent
584 1756 766 1829 mercedem3
795 1757 930 1833 quemvis
947 1757 1067 1821 undecie

178 1855 312 1924 leeciviee
319 1853 452 1930 pretium
463 1856 507 1920 eet
517 1850 651 1928 voluptas
664 1852 867 1928 spectantium.

238 1950 353 2022 Aleum,
378 1948 457 2026 quod
481 1935 594 2020 mirere,
618 1948 707 2006 sobrii
730 1949 809 2008 inter
831 1950 907 2008 eoric
929 1958 1068 2014 exercent

178 2057 263 2122 tante
275 2047 408 2108 lucrandi
421 2045 598 2124 perdendive
611 2047 786 2119 temeritate,
801 2053 843 2120 ut,
859 2068 951 2124 quum
969 2050 1068 2110 omnic

178 2148 354 2217 defecerunt,
369 2147 500 2201 extremo
515 2160 549 2200 ec
566 2142 723 2200 novissimo
742 2144 823 2202 iectu
835 2143 872 2202 de
885 2144 1020 2204 libertate
1033 2163 1068 2204 eo

178 2243 214 2301 de
234 2258 352 2316 corpore
371 2237 558 2296 contendent.
600 2235 709 2309 Victus
728 2237 926 2298 voluntarium
944 2241 1069 2300 servitu·

178 2345 239 2398 tem
257 2329 340 2412 edit3
367 2333 500 2411 quemvis
518 2332 661 2404 iuvenior,
681 2334 814 2409 quemvis
835 2335 983 2394 robustior
1005 2336 1069 2397 elli

177 2436 241 2513 geri
261 2452 291 2509 se
310 2451 344 2490 cc
363 2430 465 2490 venire
483 2430 604 2508 petitur.
646 2430 692 2488 Fu
710 2436 756 2488 est
775 2430 808 2490 in
821 2449 853 2490 re
865 2451 956 2509 preve
974 2434 1070 2510 pervi-

178 2533 278 2611 cacie3
306 2531 363 2608 ipei
386 2529 474 2588 fidem
494 2533 608 2587 vocent
655 2527 760 2587 Servos
782 2529 959 2592 condicionis
980 2530 1069 2600 huius

178 2651 231 2708 per
243 2628 413 2712 commercia
426 2625 556 2698 trudunt,
570 2629 607 2684 ut
619 2643 650 2683 ec
663 2643 779 2704 quoque
798 2627 908 2704 pudore
928 2627 1069 2690 victoriae

179 2726 340 2786 exsolvent

237 2820 344 2882 XXV.
392 2818 503 2879 Ceteris
529 2819 621 2877 servis
647 2837 707 2878 non
736 2820 770 2880 in
796 2826 931 2880 nostrum
958 2841 1071 2883 morem

178 2917 331 2995 ¹descriptis
358 2934 411 2995 per
436 2914 578 2974 semilium
603 2914 774 2975 ministeriis
801 2920 935 2976 utuntur.
979 2916 1071 2976 Suam

179 3015 303 3094 quisque
316 3007 422 3084 eedem,
437 3029 503 3070 suco
518 3008 638 3088 penates
651 3010 734 3088 regit.
776 3010 933 3070 Frumenti
951 3013 1071 3072 modum

178 3107 316 3186 dominus
335 3113 389 3167 eut
407 3106 519 3186 pecoris
538 3111 591 3165 ent
603 3106 694 3187 vestie
712 3111 749 3166 ut
768 3103 868 3166 colono
887 3107 1024 3184 iniungit,
1039 3115 1071 3186 et

180 3223 282 3272 servus
301 3203 441 3270 bectenue
460 3208 565 3286 μικοὺς
588 3207 684 3284 cetere
703 3202 806 3264 domus
826 3203 919 3264 officie
939 3223 1015 3264 uxor
1036 3223 1071 3264 ao

180 3301 267 3362 liberi
278 3306 488 3380 exsequuntur.
531 3298 697 3358 Verberere
714 3316 832 3358 servum
849 3317 883 3358 ec
897 3298 1022 3358 vinculis
1040 3306 1072 3358 et

177 3418 268 3478 opere
285 3415 415 3456 coercere
434 3416 534 3455 rerum
543 3414 553 3469 3
574 3396 703 3455 occidere
720 3396 823 3469 solent,
841 3414 901 3455 non
919 3397 1072 3476 discipline

180 3504 214 3588 et
239 3491 404 3570 severitate,
430 3495 482 3556 eed
504 3495 617 3574 impetu
638 3500 670 3554 et
691 3495 744 3569 ire,
767 3500 803 3554 ut
825 3493 985 3569 inimicum,
1013 3495 1072 3556 nisi
