2390 3782
175 287 209 346 lo
432 284 636 348 CORNELII
659 284 806 346 raom

173 435 225 492 pro
239 417 410 476 necessitate
425 422 494 474 erat
532 416 598 473 Iam
612 435 680 474 vero
694 417 858 494 principum
873 417 949 474 filios
962 416 1065 478 libera

173 515 250 572 libus
269 515 383 572 artibus
403 513 526 586 erudire,
547 519 577 572 ct
594 512 713 590 ingenia
731 513 943 572 Britannorum
960 513 1064 588 studiis

174 611 326 670 Gallorum
347 611 558 682 anteferrent,
579 611 630 686 qui
650 610 735 668 modo
752 610 884 686 linguam
900 609 1063 668 Romanam

173 710 349 781 abnuebant,
369 707 567 784 eloquentiam
592 707 835 782 concupiscerent.
878 706 953 764 Inde
975 708 1065 765 etiam

173 805 297 864 habitus.
318 805 412 862 nostri
434 805 534 876 honor,
558 809 593 862 et.
610 804 746 880 frequens
767 809 842 880 toga,
865 805 1064 882 paulatimque

174 903 330 960 discessum
343 902 381 961 ad
395 900 592 960 delenimenta
604 901 753 974 vitiorum,
772 902 902 979 porticus
917 909 949 960 et
962 902 1065 960 balnea

174 997 204 1060 et
230 1001 432 1061 conviviorum
459 1003 652 1080 elegantiam
687 1003 776 1080 idque
807 1003 889 1080 apud
914 1002 1065 1080 imperitos

173 1099 343 1159 humanitas
353 1101 523 1175 vocabatur,
537 1119 628 1178 quum
642 1120 709 1179 pars
722 1100 879 1160 servitutis
887 1105 970 1160 esset.

173 1283 374 1332 amn-xxm.
411 1284 476 1328 an.
493 1267 647 1328 80.-s.n.
663 1268 708 1327 82.
744 1267 885 1343 Aprteotc
899 1267 1007 1344 pmice
1019 1268 1067 1332 tia

215 1373 360 1442 conquesta
373 1385 407 1424 aa
418 1366 477 1442 sac·
496 1366 582 1424 norat
595 1385 629 1424 aa
646 1365 690 1424 tte
712 1363 834 1424 Poeaus
852 1365 917 1424 aad
933 1366 1030 1425 drawa
1045 1384 1065 1423 a

214 1463 276 1522 ttae
296 1463 334 1539 qs
344 1464 426 1540 forts
439 1463 524 1539 ftmn
547 1464 592 1523 tlte
611 1463 694 1524 Clota
710 1473 738 1523 to
762 1465 806 1522 tte
827 1464 977 1524 Bononia.
1017 1464 1067 1523 Hc

215 1580 318 1621 moeses
331 1560 375 1620 aa
389 1559 547 1641 Olotaaad
554 1569 635 1637 poeta
646 1580 720 1620 sorte
733 1569 827 1643 troops
840 1579 879 1618 oa
892 1559 937 1618 tlte
949 1569 1066 1621 western

216 1667 291 1716 coast
305 1658 429 1734 opposite
444 1655 570 1717 [calaad.
613 1656 798 1733 Dcacatptioa
811 1655 986 1732 oflrelaud.
1051 1715 1053 1720 ,

235 1795 344 1856 XXII.
387 1796 504 1854 Tertius
518 1797 740 1874 expeditionum
754 1813 952 1855 annusnovas
965 1801 1066 1873 gentes

131 1897 132 1900 ’
177 1894 300 1971 aperuit,
319 1893 441 1951 vastatis
458 1911 551 1970 usque
571 1892 609 1951 sd
627 1893 760 1952 Tanaum
781 1894 939 1971 (aestuario
959 1912 1067 1951 nomen

177 1989 232 2068 est)
253 1990 428 2048 nationibus.
472 1990 538 2061 Qua
558 1991 712 2050 formidine
732 1991 829 2049 territi
849 1991 946 2049 hostes
966 2009 1067 2068 quam-

176 2105 264 2164 quam
296 2087 494 2145 conflictatum
526 2087 619 2144 saevis
650 2087 871 2164 tempestatibus
906 2087 1067 2147 exercitum

175 2185 312 2242 lacessere
328 2173 490 2256 non'ausi3
512 2183 711 2262 ponendisque
728 2185 849 2259 iusuper
866 2181 991 2240 castellis
1004 2197 1067 2260 spa-

177 2283 253 2339 tium
267 2281 332 2342 fuit.
367 2281 563 2340 Annotabant
576 2281 664 2358 periti
677 2299 736 2338 non
747 2279 838 2337 alium
848 2279 951 2337 ducem
965 2292 1067 2356 oppor-

178 2379 319 2435 tunitates
333 2376 460 2435 locorum
473 2377 633 2456 sapientius
643 2377 752 2452 legisse.
789 2369 915 2432 Nullum
928 2375 965 2432 ab
978 2373 1006 2431 A
1010 2374 1066 2450 gri-

178 2475 240 2534 cola
264 2477 393 2553 positum
414 2474 565 2534 castellum
588 2480 639 2532 aut
660 2475 692 2531 vi
712 2472 841 2532 hostium
866 2479 1066 2550 expugnatum

152 2579 230 2632 ‘aut
251 2574 384 2651 pactione
403 2588 441 2631 'ac
462 2573 531 2650 fuga
555 2572 702 2630 desertum
711 2591 721 2645 3
743 2571 859 2629 crebrae
881 2570 1046 2646 eruptiones
1056 2589 1066 2642 3

176 2687 245 2728 nam
272 2671 410 2729 adversus
437 2689 531 2727 moras
554 2670 711 2727 obsidionis
732 2668 838 2726 annuis
860 2669 949 2744 copiis
973 2667 1069 2728 firma·

176 2769 291 2826 bantur.
355 2768 404 2825 Ita
430 2766 577 2841 intrepida
603 2765 645 2822 ibi
671 2765 771 2838 hiems,
799 2770 829 2822 et
858 2765 915 2822 sibi
941 2763 1068 2840 quisquc

175 2867 326 2943 praesidio,
353 2865 443 2923 irritis
470 2863 602 2921 hostibus
628 2883 719 2940 eoque
745 2862 971 2940 desperantibus,
996 2862 1069 2938 quia

114 2967 123 2993 ⁸
176 2962 256 3020 soliti
283 2961 454 3037 plerumque
480 2958 587 3016 damna
614 2959 733 3016 aestatis
761 2957 890 3014 hibernis
914 2957 1069 3014 eventibus
1186 2943 1189 2998 ³¹

177 3078 297 3136 pensare
319 3064 385 3116 tum
405 3061 516 3114 aestate
538 3063 627 3133 atqua
649 3055 744 3113 hieme
764 3054 850 3112 iuxta
873 3055 1069 3131 pellebantur.
1188 3097 1189 3102 κ

177 3154 241 3213 Nec
250 3153 390 3231 Agricola
400 3171 540 3228 umquam
555 3171 607 3228 per
617 3152 688 3210 alios
696 3151 1069 3228 gestaavidusintercepit3

179 3267 230 3306 seu
253 3249 385 3307 centurio
405 3267 455 3305 seu
476 3248 646 3324 praefectus,
661 3249 864 3322 incorruptum
880 3245 949 3303 facti
964 3251 1068 3304 testem

178 3344 312 3404 habebat
353 3343 444 3422 Apud
464 3345 602 3420 quosdam
622 3344 751 3402 acerbior
771 3343 804 3398 in
822 3340 959 3400 conviciis
972 3355 1071 3400 narra·
1188 3391 1189 3400 ,

178 3442 283 3518 batur-3
302 3447 338 3500 ut
359 3447 422 3501 erat
443 3441 531 3500 comis
550 3441 642 3508 bonis,
663 3439 706 3498 ita
725 3439 863 3497 adversus
883 3438 974 3496 malos
994 3438 1071 3496 iniu-

175 3540 299 3600 cundus.
323 3535 1070 3614 Oeterumexiracundianihilsupereratsecretum,
