2396 3784
292 245 872 317 euenerVIAXXXVI11.-XLV.
990 246 1028 304 23

141 392 250 463 colunt,
280 406 400 466 eamque
426 386 603 446 intervenire
630 383 717 441 rebus
745 380 904 451 hominum,
929 379 1030 437 invehi

141 487 255 566 populis
281 487 470 545 arbitrantur.
513 483 568 540 Est
596 481 629 538 in
659 478 755 536 insula
781 476 890 535 Oceani
918 481 1029 536 castum

141 603 251 656 nemus,
267 583 451 658 dicatumque
466 580 499 637 in
518 598 552 637 eo
568 575 744 645 vehicidum,
757 578 839 632 veste
856 579 1027 634 contectum.

142 683 300 757 Attingcre
313 679 366 737 uni
379 676 522 736 sacerdoti
534 691 705 733 concessum.
735 670 767 728 Is
780 671 878 730 adesse
886 671 1030 748 penetrali

142 781 226 838 dcem
245 777 393 853 intelligit,
412 781 583 852 vectamque
603 757 698 831 bubus
718 769 834 827 feminis
851 768 945 826 murita
963 788 1030 826 cum

142 877 326 935 veneratione
343 873 534 952 prosequitur.
578 869 664 927 Laeti
683 873 755 925 tunc
775 866 843 939 dies,
864 867 938 925 festa
957 867 1027 940 loca,

142 990 329 1052 quaecunque
343 970 472 1028 adventu
484 967 668 1044 hospitioque
682 963 826 1040 dignatur.
869 963 940 1021 Non
953 963 1029 1022 bella

142 1072 253 1143 ineunt,
265 1088 326 1127 non
339 1087 420 1126 arma
433 1070 554 1125 sumunt
559 1083 569 1137 3
583 1063 713 1121 clurinum
727 1081 811 1120 omns
824 1061 934 1120 ferrum
940 1082 949 1136 ;
970 1081 1029 1138 pax

141 1176 173 1227 et
188 1169 270 1245 quies
282 1173 354 1225 tunc
371 1171 488 1224 tantum
501 1169 579 1235 nota,
595 1169 666 1222 tunc
683 1167 801 1220 tantum
818 1167 923 1234 amata,
938 1163 1029 1221 donee

141 1264 219 1323 idem
232 1262 363 1321 sacerdos
379 1261 514 1320 setiam
529 1259 747 1319 conversatione
763 1259 931 1318 mortalirnn
945 1260 1028 1318 deam

142 1361 251 1437 templo
263 1359 373 1419 reddat.
403 1357 478 1416 Mox
490 1356 656 1416 vehiculum
670 1361 701 1414 et
714 1361 809 1414 vestes
823 1363 860 1428 et,
875 1357 901 1415 si
914 1357 1028 1416 credere

141 1459 221 1530 velia,
256 1476 365 1516 numen
400 1458 497 1533 ipsum
526 1460 634 1514 secreto
666 1454 732 1512 lacu
765 1453 902 1513 abluitur.
945 1453 1028 1512 Servi

142 1557 318 1627 ministrant,
337 1574 409 1632 quoa
429 1555 530 1613 statim
547 1554 625 1613 idem
644 1553 724 1611 lacus
743 1551 849 1612 haurit
891 1553 1028 1612 Arcauus

141 1651 210 1709 hinc
228 1659 322 1710 terror
339 1657 493 1728 sancteque
509 1651 681 1728 ignorantia,
700 1649 771 1728 qnid
789 1649 829 1708 sit
845 1649 928 1724 illud,
950 1651 1028 1728 quod

143 1755 258 1807 tantum
271 1747 395 1824 perituri
408 1744 517 1806 vident.

201 1845 286 1904 XLI.
329 1845 370 1903 Et
390 1845 461 1904 hacc
478 1844 596 1921 quidem
614 1863 682 1922 pars
703 1843 865 1905 Sucvcrum
886 1848 918 1904 iu
940 1867 1028 1906 seere-

142 1940 218 1999 tiora
241 1941 415 2000 Germaniae
437 1941 602 2018 porrigitur.
645 1940 775 2018 Propior,
804 1941 858 2020 (ut,
884 1945 1027 2020 quomodo

142 2038 228 2116 paulo
255 2046 324 2096 ante
351 2036 497 2109 Rhenum,
526 2037 566 2094 sic
592 2055 670 2094 nunc
700 2036 867 2095 Danubium
901 2040 1025 2116 sequen)

142 2135 420 2194 Hermundurorum
442 2133 554 2205 civitas,
579 2132 638 2191 fida
659 2132 800 2191 Romania
806 2153 815 2207 3
842 2154 933 2212 eoque
959 2137 1027 2194 solia

142 2231 353 2292 Germanorum
379 2249 439 2288 non
464 2231 497 2288 in
519 2229 583 2308 ripa
604 2230 814 2303 commercium,
840 2232 890 2290 sed
910 2232 1026 2308 penitus

142 2336 230 2406 atque
250 2330 283 2388 in
306 2326 538 2406 splendidissima
566 2325 688 2385 Raetiae
714 2327 880 2403 provinciae
906 2329 1023 2391 colonia

142 2426 255 2485 Passim
280 2430 312 2483 et
334 2423 396 2484 siue
423 2423 540 2482 custode
565 2427 726 2495 nauseant,
751 2429 782 2481 et
810 2443 902 2500 quum
925 2426 1027 2484 aeteus

141 2525 276 2601 gentibus
291 2541 371 2581 arma
390 2521 476 2580 modo
493 2525 643 2597 castraque
659 2525 758 2578 nostra
774 2521 965 2594 ostendamus,
980 2521 1026 2580 hia

141 2622 240 2680 domos
270 2620 413 2697 villaeque
442 2617 632 2697 patefecimus
661 2637 721 2678 non
750 2621 1025 2696 concupiscentibus.

141 2718 181 2777 In
207 2717 425 2776 Hermunduris
452 2715 540 2773 Aibia
566 2715 669 2789 oritur,
695 2715 805 2775 flumen
830 2715 965 2777 inclitum
996 2724 1025 2779 et

140 2819 244 2872 notum
258 2813 328 2872 olim
334 2834 344 2887 ,·
365 2833 444 2873 nuno
457 2820 575 2873 tantum
588 2815 716 2876 auditur.

200 2911 302 2970 XLII.
345 2911 437 2970 quta
462 2911 690 2971 Hermunduros
716 2911 831 2971 Naristi
860 2932 893 2971 ao
922 2915 1025 2974 deinde

141 3007 321 3067 Marcomani
352 3014 383 3068 et
410 3007 506 3079 Quadi
535 3014 634 3086 agunt.
676 3008 836 3087 Praecipua
853 3010 1025 3070 Marcoma

140 3125 246 3166 norum
266 3107 358 3184 gloria
375 3106 517 3185 viresque,
535 3112 624 3184 atque
641 3107 704 3183 ipsa
722 3108 811 3166 etiarn
830 3109 1025 3186 sedes,.pulais

141 3205 210 3264 olim
229 3205 317 3278 Boiis,
336 3206 448 3263 virtute
467 3210 559 3282 parta
600 3203 665 3262 Nec
689 3204 804 3263 Naristi
827 3204 959 3276 Quadive
979 3206 1024 3264 de-

140 3308 286 3378 generant
326 3301 426 3379 anue
441 3301 613 3360 Germaniae
625 3301 708 3361 velut
721 3302 800 3360 frons
814 3308 866 3376 est,
881 3309 1024 3380 quatenus

141 3399 278 3458 Danubio
291 3400 448 3478 peragitur.
490 3399 683 3458 Marcomanis
698 3399 864 3478 Quadisque
881 3419 971 3476 nsque
987 3401 1024 3458 ad

140 3503 269 3556 nostram
282 3497 451 3558 memoriam
463 3515 545 3579 reges
553 3503 728 3577 ¹manserunt
741 3517 778 3558 ex
786 3502 872 3581 gente
885 3497 1021 3579 ipsorum,
