2390 3782
209 255 246 312 22
466 252 670 313 CORNELII
696 253 838 315 PAOH'I

207 384 386 462 polluuntur.
423 384 506 442 Bona
518 384 709 462 fortunaeque
721 384 755 442 in
764 386 919 458 tributum,
930 391 1097 464 ageretque

207 502 302 542 annus
322 484 355 541 in
381 485 570 555 frumentum,
598 502 718 561 corpora
743 484 807 562 ipsa
828 502 861 542 ac
886 503 992 542 manus
1014 483 1095 544 silvis

207 601 240 640 ac
253 581 408 658 paludibus
428 581 611 640 emuniendis
623 583 702 642 inter
719 584 840 642 verbera
855 603 889 643 ac
906 585 1096 644 contumelias

207 684 405 736 conteruntur.
447 678 528 735 Nata
541 679 678 738 servituti
694 681 839 757 mancipia
851 682 940 740 semel
956 689 1092 758 veneunt,

207 781 296 852 atque
311 774 392 833 ultro
408 795 427 832 a
440 775 568 834 dominis
587 776 709 835 aluntur
717 797 727 851 3
749 777 905 836 Britannia
922 779 1093 838 servitutem

207 889 290 928 suam
311 870 441 948 quotidie
469 873 549 944 emit,
578 873 710 949 quotidie
736 873 836 950 pascit.
887 873 934 931 Ae
960 875 1035 932 sicut
1061 875 1093 933 in

206 970 317 1028 familia
329 970 545 1030 recentissimus
554 971 679 1047 quisque
688 988 837 1028 servorum
850 971 939 1028 etiam
950 971 1094 1030 conservis

206 1067 333 1126 ludibrio
348 1073 399 1142 est,
416 1069 456 1126 sic
468 1069 501 1126 in
514 1068 569 1128 hoo
581 1068 659 1127 orbis
676 1074 822 1126 terrarum
834 1074 934 1127 vetere
951 1067 1093 1126 famulatu

206 1166 277 1224 novi
294 1184 348 1224 nos
365 1171 396 1224 et
411 1165 484 1223 viles
502 1166 534 1222 in
553 1166 701 1224 excidium
718 1166 853 1242 petimur.
896 1165 1003 1242 Neque
1015 1166 1094 1224 enim

206 1281 277 1320 erra
295 1263 377 1322 nobie
398 1269 451 1322 aut
470 1264 589 1322 metalla
605 1270 658 1323 aut
678 1269 780 1342 portus
798 1270 876 1337 sunt,
896 1265 1002 1346 quibus
1015 1283 1094 1322 exer

206 1360 304 1419 condis
327 1379 514 1420 reservemur.
557 1360 665 1420 Virtus
685 1381 772 1439 porro
789 1381 824 1420 ac
845 1361 951 1420 ferocia
970 1361 1094 1420 subiect

206 1477 290 1515 orum
316 1457 432 1535 ingrata
458 1458 669 1536 imperantibus
680 1479 689 1532 ;
715 1465 745 1516 et
771 1458 971 1535 longinquitas
994 1475 1027 1515 aa
1053 1475 1095 1516 se·

206 1549 317 1613 cretum
337 1555 433 1632 ipsum
453 1575 512 1632 quo
532 1557 633 1631 tutius,
652 1575 686 1614 eo
706 1555 874 1634 suspectius
917 1556 966 1614 Ita
979 1556 1095 1616 sublata

206 1671 256 1728 spa
273 1652 376 1710 veniae
396 1653 516 1710 tandem
537 1655 644 1712 sumite
659 1654 798 1726 animum,
813 1660 876 1711 tam
892 1654 999 1730 quibus
1016 1653 1094 1711 salus

205 1768 293 1824 quam
311 1750 418 1826 quibus
437 1751 529 1828 gloria
549 1751 696 1809 carissima
717 1756 768 1809 est.
811 1750 966 1828 Brigantes
986 1751 1095 1810 femina

205 1845 278 1903 duce
306 1865 429 1904 cxrrrere
458 1847 606 1920 coloniam,
636 1851 803 1924 expugnare
834 1853 935 1919 castra,
964 1867 1005 1920 ac,
1036 1845 1094 1906 nisi
1189 1835 1190 1856 ¹

205 1941 328 2000 felicitas
340 1942 373 1999 in
386 1943 544 2002 socordiam
556 1944 700 2016 vertisset,
715 1960 822 2000 exuere
840 1942 942 2020 iugum
955 1948 1095 2020 potuer03

204 2057 258 2096 nos
271 2040 380 2116 integri
393 2045 424 2099 et
436 2042 574 2100 indomiti
587 2047 618 2100 et
634 2042 800 2100 libertatem
815 2059 876 2099 non
895 2041 928 2098 in
943 2039 1094 2118 poeniten·

205 2135 280 2193 tiam
293 2135 391 2209 laturi,
411 2137 504 2213 primo
523 2138 624 2195 stetim
638 2156 792 2214 congressu
806 2137 1000 2209 ostendamus,
1019 2155 1094 2216 quos

205 2233 260 2296 sibi
275 2233 432 2292 Caledonia
443 2235 522 2292 viros
535 2235 701 2312 seposuerit.

263 2330 407 2390 XXXII.
449 2333 503 2390 An
521 2334 642 2392 eandem
656 2333 797 2392 Romanis
809 2333 843 2390 in
855 2332 932 2392 bello
949 2333 1093 2392 virtutem

205 2451 293 2508 quam
319 2431 352 2490 in
381 2451 450 2509 pace
481 2432 630 2491 lasciviam
659 2432 757 2491 adesse
787 2432 925 2492 creditist
973 2431 1094 2491 Nostris

205 2529 250 2588 issi
264 2529 489 2588 dissensionibus
503 2549 536 2589 ac
554 2530 704 2590 discordiis
724 2530 795 2590 clari
814 2530 889 2588 vitia
909 2529 1036 2588 hostium
1059 2530 1093 2590 in
1187 2587 1188 2603 ,

204 2627 326 2704 gloriam
348 2628 493 2686 exercitus
514 2628 560 2686 sui
583 2632 705 2686 vertunt
715 2649 724 2702 5
746 2647 833 2705 quem
854 2631 1035 2686 contractum
1054 2645 1093 2686 ex

205 2723 407 2783 diversissimis
426 2726 563 2803 gentibus
582 2732 618 2784 ut
635 2726 776 2784 secundae
794 2743 840 2783 res
858 2730 968 2797 tenant,
983 2725 1026 2782 ita
1042 2724 1092 2782 ad·

204 2841 303 2881 versae
323 2823 490 2897 dissolvent,
509 2825 567 2882 nisi
589 2823 688 2883 Gallos
709 2829 739 2882 et
761 2823 921 2882 Germanos
939 2828 969 2881 et
988 2820 1093 2900 (pudet

204 2919 296 3001 dictu)
307 2922 517 2981 Britannorum
527 2923 687 3000 plerosque,
698 2921 767 2980 licet
777 2920 971 2979 dominationi
980 2919 1093 2977 alienae
1186 2959 1187 2962 η

205 3018 374 3096 sanguinem
398 3019 589 3091 commodent,
614 3019 726 3078 diutius
752 3025 851 3076 tamen
877 3017 976 3076 hostes
1003 3033 1092 3092 quam

204 3137 309 3191 servos,
325 3119 382 3178 fide
395 3124 425 3177 at
440 3120 547 3177 affectu
564 3119 658 3178 teneri
676 3118 795 3196 putatia
838 3115 939 3174 Metus
952 3135 986 3173 ac
998 3121 1094 3173 terror

205 3221 257 3285 ast,
271 3214 388 3273 infirma
400 3216 498 3274 vincla
510 3216 573 3274 loco
586 3217 736 3289 caritatis;
758 3233 832 3292 quae
852 3213 905 3272 ubi
925 3213 1091 3283 removeris,

204 3311 257 3390 qui
266 3313 369 3370 timere
382 3312 529 3386 desierint,
544 3313 637 3372 odisse
650 3313 800 3393 incipient.
837 3311 944 3371 Omnia
954 3311 1093 3372 victoriae

204 3412 394 3470 incitamenta
417 3429 470 3487 pro
498 3410 581 3468 nobis
608 3417 678 3468 sunt
689 3431 698 3484 ;
726 3411 824 3468 nullae
851 3409 1000 3467 Romanos
1027 3429 1093 3467 con·

204 3509 287 3590 iuges
309 3507 479 3576 accendunt,
501 3506 577 3565 nulli
603 3513 738 3586 parentes
764 3509 863 3586 fugam
888 3507 1092 3585 exprobraturi
