2390 3782
322 243 522 304 AGRIOOLA
551 240 775 301 rin-XLVI.
959 239 996 297 33

166 377 209 435 Tu
223 397 290 435 vero
304 377 383 448 felix,
399 373 545 451 Agricola,
561 391 621 429 uon
634 371 714 428 vitae
725 373 841 426 tantum
856 367 995 439 claritate,

107 472 268 530 sedetiam
291 471 510 550 opportunitate
533 468 642 525 mortis
695 465 742 524 Ut
762 462 923 541 perhibent,
946 464 999 540 qui

108 571 306 628 interfuerunt
328 569 493 627 novissimis
514 565 695 624 sermonibus
718 563 786 636 tuis,
811 567 946 619 constans
969 567 1000 618 et

109 668 204 725 libens
224 668 318 724 fatum
339 665 487 742 excepisti,
511 669 662 739 tamquam
689 679 742 736 pro
763 657 843 716 virili
867 657 1000 734 portione

109 763 307 821 innocentiam
321 761 446 839 principi
460 760 588 818 donares.
631 756 687 814 Sed
701 755 774 813 mihi
787 755 920 830 filiaeque
938 753 1000 810 eius

110 866 227 938 praeter
241 861 430 919 acerbitatem
446 858 575 934 parentis
596 855 688 931 erepti
708 859 795 930 auget
816 850 999 924 maestitiam,

111 956 192 1033 quod
218 956 341 1014 assidere
368 953 539 1026 valetudini,
568 953 664 1009 fovere
688 948 877 1020 deficientem,
902 947 1002 1005 satiari

112 1057 201 1114 vultu
214 1058 422 1134 complexuque
435 1074 495 1111 non
515 1053 644 1128 contigit.
687 1050 905 1126 Excepisaemus
926 1054 1002 1107 certe

113 1153 253 1210 mandate
283 1171 431 1229 vocesque,
467 1169 539 1227 quas
567 1149 683 1226 penitus
712 1147 809 1204 animo
841 1147 1001 1223 figeremus.

114 1250 227 1308 Noster
238 1249 286 1307 hic
300 1250 388 1322 dolor,
409 1253 543 1306 nostrum
562 1247 692 1318 vulnus3
711 1244 795 1301 uobis
814 1250 880 1301 tum
900 1243 1004 1320 longae

115 1347 264 1404 absentiae
285 1345 452 1405 condicione
475 1350 543 1402 ante
566 1341 791 1419 quadriennium
811 1340 932 1398 amissus
952 1347 1002 1400 cst.

117 1443 228 1500 Omnia
246 1443 307 1500 sine
327 1442 423 1514 dubio,
444 1441 553 1517 optime
572 1444 735 1516 parentum,
751 1437 894 1495 assidente
908 1457 1007 1494 aman·

117 1539 232 1596 tissima
251 1559 342 1596 uxore
362 1539 527 1614 superfuere
547 1536 652 1594 honori
671 1543 744 1608 tu03
762 1536 945 1612 paucioribus
964 1541 1007 1592 ta-

118 1655 190 1694 men
220 1637 346 1694 lacrimis
373 1635 546 1712 compositus
574 1653 611 1708 es,
643 1640 673 1691 et
699 1634 856 1692 novissima
884 1635 917 1692 in
943 1635 1008 1694 luce

120 1733 320 1790 desideravere
333 1733 445 1810 aliquid
459 1733 535 1790 oculi
549 1728 602 1791 tui.

183 1830 300 1891 XLVI.
344 1831 377 1888 si
397 1831 462 1906 quis
481 1831 596 1907 piorum
617 1829 751 1886 manibus
769 1827 856 1902 locus,
872 1829 904 1900 si,
920 1833 954 1885 ut
967 1846 1009 1884 sa·

121 1928 269 2004 pientibus
283 1927 385 2003 placet,
400 1945 459 1983 non
478 1946 544 1983 cum
564 1945 680 2002 corpore
700 1927 914 2001 extinguuntur
934 1943 1010 2000 mag·

122 2043 180 2080 nae
203 2024 323 2096 animae,
348 2023 459 2099 placide
480 2024 616 2099 quiescas,
642 2042 759 2099 nosque,
785 2023 901 2080 domum
920 2028 1008 2094 tuam,

125 2126 165 2183 ab
185 2125 299 2182 infirmo
320 2125 459 2182 desiderio
480 2131 510 2182 et
530 2124 721 2182 muliebribus
740 2125 876 2182 lamentis
896 2125 1012 2182 adcon·

124 2220 345 2296 templationem
376 2221 522 2277 virtutum
555 2225 673 2276 tuarum
700 2239 792 2294 voces,
820 2241 892 2299 quas
918 2241 1012 2299 neque

125 2320 222 2396 lugeri
241 2338 336 2396 neque
356 2320 457 2396 plangi
478 2321 520 2376 fas
543 2327 593 2377 est.
636 2321 841 2380 Admiratione
863 2329 893 2380 te
917 2324 1013 2400 potius

127 2436 217 2494 quam
239 2417 446 2493 temporalibus
464 2417 604 2490 laudibus
619 2423 656 2491 ct,
672 2418 697 2475 si
716 2426 821 2477 natura
839 2422 1012 2497 suppeditet,

128 2514 324 2574 aemulatione
338 2515 510 2574 decoremus.
552 2517 584 2573 Is
605 2535 690 2574 verus
710 2517 808 2592 honos,
830 2539 864 2577 ea
882 2519 1016 2576 coniunc-

129 2613 236 2670 tissimi
260 2613 397 2689 cuiusque
421 2613 519 2689 pietas.
576 2614 614 2670 Id
637 2615 713 2672 filiae
735 2636 850 2692 quoque
873 2618 1016 2692 uxorique

131 2709 334 2786 praeceperim,
350 2711 391 2767 sic
404 2711 504 2785 patris,
519 2710 559 2766 sic
573 2711 673 2768 mariti
691 2712 859 2769 memoriam
877 2713 1014 2786 venerari,

130 2809 166 2860 ut
181 2803 279 2860 omnia
292 2803 368 2859 facta
381 2803 515 2879 dictaque
529 2805 590 2862 eius
604 2825 701 2863 secum
714 2806 872 2878 revolvant,
885 2808 1015 2864 formam·

132 2919 190 2977 que
211 2919 245 2956 ac
262 2900 385 2976 figuram
405 2901 496 2958 animi
516 2903 608 2977 magis
627 2923 715 2980 quam
733 2905 859 2981 corporis
881 2903 1015 2981 complec-

131 3002 237 3054 tantur
248 3015 257 3070 5
285 3015 345 3053 non
365 2997 433 3073 quia
453 2999 691 3058 intercedendum
712 3007 813 3076 putem
835 3001 1017 3076 imaginibus,

132 3111 209 3169 quae
236 3109 379 3150 marmore
405 3100 456 3152 aut
483 3115 548 3153 aere
578 3096 748 3172 finguntur,
783 3097 834 3154 sed
859 3102 895 3153 ut
921 3095 1018 3153 vultus

134 3189 297 3261 hominum,
312 3189 354 3246 ita
374 3190 526 3249 simulacra
545 3191 646 3250 vultus
667 3192 812 3250 imbecilla
832 3212 866 3250 ac
887 3191 1020 3249 mortalia

135 3290 214 3357 sunt,
230 3285 322 3342 forma
335 3287 442 3344 mentis
455 3294 582 3360 aeterna,
597 3279 685 3365 quam
705 3295 803 3345 tenere
818 3295 848 3346 et
861 3289 1023 3364 exprimere

137 3401 197 3440 non
223 3402 276 3460 per
302 3384 426 3442 alienam
452 3386 603 3443 materiam
631 3391 661 3444 et
687 3392 787 3453 artem,
811 3385 860 3442 sed
883 3385 942 3442 tuis
963 3385 1023 3460 ipse

138 3480 267 3538 moribus
294 3481 392 3559 possis.
452 3478 597 3560 Quicquid
625 3501 662 3541 ex
688 3481 827 3559 Agricola
854 3481 1022 3549 amavimus,

205 3597 270 3644 ra.
928 3579 945 3628 3
