2390 3782
170 266 244 325 xxiv
348 267 480 326 TABLE
507 265 560 324 OF
584 265 795 339 PASSAGES,
822 267 870 328 ce.

358 421 465 472 Onnum.
776 418 805 470 0.
823 431 877 468 eun
893 419 924 468 Β.

194 535 285 585 XXX.
312 530 546 584 totiusBeitenniae
655 531 702 580 teti
713 529 856 580 Britanniae

188 613 294 665 XXXI.
312 611 547 673 benafortunueque
560 609 639 659 intri-
657 610 722 659 bons
745 609 907 676 fortunaeque
928 613 954 664 in
978 615 1054 666 tribu·

346 695 434 744 butum
451 696 577 756 aggerant,
598 707 641 741 an·
688 697 751 751 tum,
765 707 824 756 ager
839 697 914 758 atque
932 710 1011 746 annus
1028 699 1055 748 in

345 792 406 827 num
428 776 454 825 in
480 775 640 834 frumentum,
690 774 850 838 frumentum,
874 793 977 843 comere
1000 780 1055 844 ipsa

243 901 246 906 .
347 872 447 921 corpora
456 855 546 922 ipsese
556 871 643 904 munus
691 871 721 904 ac
734 872 822 906 manus
838 857 905 908 siles
918 875 947 908 ec
959 861 1053 924 paludi-

347 937 415 988 silvis
448 953 477 986 ec
511 936 641 1001 paludibus
689 937 736 986 bus
750 939 900 988 emuniendis
919 941 984 990 inter
1000 959 1053 991 ver·

346 1016 498 1067 emuniendis
512 1016 577 1065 iuter
590 1032 643 1064 ver·
692 1017 750 1066 bera
760 1022 786 1067 et
797 1021 955 1070 contumeliam
972 1027 1052 1072 ceute·

347 1098 405 1148 berc
429 1113 459 1147 cc
482 1097 642 1149 contumelias
690 1103 778 1151 runtur

346 1183 477 1231 conterunt

179 1262 298 1314 XXXII.
317 1263 396 1312 nisisi
658 1259 705 1308 nisi

315 1341 411 1391 intima
422 1339 503 1392 vincla
513 1337 624 1390 caritatis
656 1339 753 1388 infirme
763 1339 843 1390 vincla
853 1340 906 1391 lccc
917 1342 1025 1394 caritatis

183 1423 301 1477 XXXV.
317 1423 420 1473 bellanti
659 1421 766 1471 bellandi

314 1507 428 1570 iamque
661 1519 739 1568 seque

314 1587 418 1637 convexi
657 1581 761 1636 connexi

314 1669 468 1720 covinnarius
478 1673 504 1719 et
514 1683 589 1734 eques
656 1667 810 1718 covinnarius
821 1685 893 1733 eques

175 1751 304 1802 XXXVI.
316 1749 642 1800 tresBetavctumccbcrtes
658 1747 808 1800 Batavorum
819 1749 930 1800 cohortes

315 1832 461 1882 commixtae
657 1830 770 1880 connisue

313 1914 461 1978 minimeque
477 1907 634 1978 ‘sequestres
652 1911 799 1975 minimeque
815 1911 932 1974 equestris
949 1928 979 1961 ea
996 1913 1047 1976 jam

346 1991 640 2060 Euenimpugnaefecies
688 2007 785 2055 pugnae
801 1991 874 2042 facies
894 1997 953 2052 erat,
972 2009 1048 2056 quum

345 2082 463 2139 statuum
471 2076 640 2140 negredinem
687 2091 760 2139 eegre
772 2074 835 2124 clivo
845 2075 963 2125 instantes
976 2075 1047 2124 simul

345 2162 427 2208 stante
437 2156 509 2208 simul
519 2173 635 2221 equorum
688 2170 805 2221 equorum

204 2241 278 2292 XLI.
313 2255 370 2290 cnm
381 2238 510 2290 formidine
520 2254 603 2290 ectum
656 2253 713 2287 cum
723 2236 850 2286 formidine
861 2241 993 2287 ceterorum

197 2320 285 2373 XLII.
314 2321 424 2370 iturusne
435 2323 498 2368 esset
656 2319 766 2372 iturusne
777 2318 1038 2383 essetinproviucium

191 2386 297 2451 xn111.
314 2399 398 2449 sicem
408 2399 546 2449 oblitusne
656 2399 848 2449 assemanum.
881 2400 945 2451 ut...

192 2480 291 2531 XLIV.
310 2479 415 2530 excessit
432 2483 502 2529 sexto
520 2483 546 2528 et
565 2477 636 2544 quin·
652 2479 755 2530 excessit
773 2484 861 2545 quante
883 2483 908 2530 et
927 2483 1046 2547 quinquu-

343 2559 559 2625 quagesimoenuc
685 2559 851 2624 gesimoannc

311 2641 337 2692 in
351 2641 398 2691 huc
414 2639 546 2691 beatissimi
565 2633 640 2691 seculi
655 2640 682 2691 in
696 2641 759 2691 banc
773 2637 905 2692 beatissimi
920 2643 994 2693 seculi
1009 2643 1042 2692 lu-

343 2721 397 2772 luce
685 2737 739 2772 cem

195 2805 279 2856 XLV.
313 2803 515 2854 MessaBoebius
523 2803 575 2866 jem
584 2813 638 2855 tum
654 2803 740 2856 Massa
766 2805 873 2856 Boebiue
904 2809 958 2856 tune
989 2823 1042 2856 reus

341 2901 398 2934 reus
408 2888 462 2935 erat
685 2891 739 2936 erat

311 2965 381 3015 nobis
389 2970 440 3016 tam
451 2966 537 3032 longae
548 2967 635 3019 ubsen·
651 2969 723 3020 nobis
734 2972 788 3018 tum
798 2969 886 3035 longae
897 2969 1022 3021 absentiae

342 3049 392 3099 tiae

190 3115 289 3184 xnvi.
312 3132 403 3181 ennae
414 3131 499 3182 obrue
651 3129 832 3182 eennooerun
