2390 3782
287 235 487 299 AGRIC'OLA
517 239 677 300 XXXIII.
706 241 861 304 XXXIV.
978 246 1015 304 25

133 371 171 424 et.
189 368 389 427 metuentium.
433 369 513 438 Quos
534 370 612 446 quod
634 369 751 428 tandem
772 369 933 444 invenistis,
957 393 1021 435 non,

132 463 312 537 restiterunt,
337 466 388 524 sed
411 465 582 545 deprehensi
608 474 693 540 sunt3
717 469 892 528 ‘novissimae
917 490 964 529 res
977 477 1018 531 et

132 565 263 619 extremo
281 567 363 620 metu
380 582 499 641 corpora
519 565 645 624 defixere
663 565 754 623 aciem
767 566 799 622 in
812 565 858 622 his
876 567 1014 644 vestigiis,

131 658 284 733 inquibus
298 659 449 735 pulchram
467 667 498 720 et
513 662 699 738 spectabilem
715 662 867 720 victoriam
883 661 1013 724 ederetis.

132 757 297 835 {lbansigite
309 777 376 815 curn
389 759 630 834 expeditionibus,
648 761 788 836 imponite
804 760 1018 837 quinquaginta

131 854 217 912 amris
229 873 367 930 magnum
382 853 469 926 diem,
485 855 643 931 approbate
658 855 702 912 rei
717 853 849 931 publicae
865 873 1018 937 nunquam

131 949 273 1008 exercitui
285 950 426 1027 imputari
439 951 566 1027 potuisse
580 955 632 1008 aut
644 969 739 1008 moras
753 951 823 1010 belli
836 957 888 1011 aut
902 971 1015 1011 camsae

129 1046 297 1105 rebellandi.

130 1190 367 1232 xxxa—xxm.
399 1172 456 1231 Illic
469 1171 698 1250 ordcrofbcttlc.
728 1173 881 1252 Desperare
895 1196 1014 1252 cecrope

170 1259 257 1335 cftlrc
269 1261 396 1322 Brutone.
437 1260 665 1338 I’deiccocquete
678 1261 776 1336 defece.
819 1263 888 1322 Loss
901 1284 939 1322 ca
952 1264 1014 1322 both

169 1349 250 1408 sides.
287 1348 411 1407 I'errible
424 1367 516 1408 soecos
529 1368 567 1406 oc
581 1349 624 1406 tbe
637 1347 802 1424 battleffild.
840 1351 1014 1427 Expeditioc

169 1434 207 1510 of
223 1436 268 1495 tbe
289 1434 403 1494 nomas
415 1434 494 1508 fleat.
534 1434 667 1509 Agricola
690 1444 805 1494 returnar
827 1437 1010 1497 southwards.

168 1522 259 1597 Effict
271 1543 309 1582 oo
318 1521 470 1581 Domitian
479 1521 565 1597 oftde
578 1542 653 1582 news
661 1521 858 1598 osdpricolc'o
871 1545 1011 1586 amoene.

171 1635 327 1695 XXXV.
369 1635 410 1694 Et
429 1635 593 1713 alloquente
613 1635 707 1693 adhuc
726 1634 865 1713 Agricola
883 1639 1013 1709 militum

127 1735 217 1794 ardor
239 1734 392 1806 eminebat,
421 1739 451 1794 ct
477 1733 565 1791 finem
579 1731 739 1792 'orationis'
756 1735 857 1810 ingens
880 1737 1014 1795 alacritas

127 1839 283 1892 consecuta
310 1837 360 1903 eet,
389 1832 545 1907 statimque
575 1831 612 1890 ad
639 1851 722 1891 ¹{arma
753 1832 920 1892 discursum.
963 1834 1013 1893 In-

126 1933 251 1990 stinctos
268 1936 442 2006 ruentesque
459 1929 502 1986 ita
518 1929 665 2005 disposuit,
687 1923 722 1986 ut
742 1930 873 2006 peditum
893 1932 1010 2004 auxilia,

127 2049 205 2106 quae
231 2034 294 2086 octo
320 2028 434 2086 milium
461 2035 551 2100 crant,
578 2031 704 2088 mediam
732 2031 824 2090 acIem
853 2032 1010 2106 firmarent,

127 2126 262 2202 equitum
280 2125 338 2182 tria
355 2125 435 2182 milia
453 2125 587 2183 cornibus
604 2126 830 2185 effunderentur.
873 2128 1013 2206 Legiones

126 2241 181 2300 pro
200 2221 276 2278 vallo
293 2227 406 2292 stetere,
427 2222 528 2297 ingene
547 2222 685 2281 victoriae
706 2224 792 2282 decus
813 2225 887 2284 citra
906 2225 1013 2284 Roma-

125 2339 201 2377 num
221 2319 391 2395 sanguinem
410 2318 547 2388 bellandi,
567 2325 598 2378 et
617 2321 768 2392 auxilium,
787 2322 812 2380 si
828 2323 1010 2399 pellerentur.

127 2419 338 2477 Britannorum
366 2419 441 2476 acies
469 2417 502 2474 in
532 2417 657 2494 speciem
690 2417 778 2475 simul
808 2438 842 2476 ac
872 2423 1013 2478 torrorem

126 2513 299 2572 editioribus
326 2514 395 2571 locis
422 2514 593 2572 constiterat
618 2513 668 2584 ita,
694 2518 729 2570 ut
755 2514 882 2590 primum
909 2535 1013 2592 agmon

126 2630 228 2687 aequo,
248 2611 336 2668 ceteri
356 2629 408 2687 per
425 2611 531 2669 acclive
551 2610 653 2686 iugum
673 2611 797 2668 connexi
817 2612 899 2670 velut
919 2611 1012 2669 insur-

125 2712 244 2784 gerent3
271 2706 366 2764 media
392 2707 485 2782 campi
512 2705 696 2764 covinnarius
722 2697 809 2782 eques
835 2706 958 2784 strepitu
979 2727 1013 2764 ac

126 2806 259 2862 discursu
274 2803 440 2878 complebat.
477 2801 552 2859 Tum
565 2801 703 2878 Agricola
716 2808 872 2878 superante
884 2801 1012 2860 hostium

126 2899 318 2959 multitudine
344 2898 462 2971 veritus,
492 2917 528 2955 ne
554 2898 587 2954 iu
609 2897 736 2955 frontem
759 2897 845 2955 simul
869 2903 900 2955 et
921 2897 1013 2958 latera

126 3015 248 3056 suorum
273 3000 460 3072 pugnaretur,
489 2993 614 3052 diductis
643 2993 801 3065 ordinibus,
836 3008 1013 3072 quamquam·

126 3095 287 3174 porrectior
308 3094 384 3152 acies
407 3094 506 3151 fictura
527 3098 596 3163 erat,
625 3099 656 3151 et
681 3093 862 3151 arcessendas
883 3093 1012 3170 plerique

125 3192 256 3268 legiones
278 3189 480 3261 admonebant,
503 3190 665 3266 promptior
689 3189 721 3246 in
748 3209 828 3266 spem
855 3195 886 3248 et
911 3191 1013 3248 firmus

125 3288 257 3347 adversis
270 3287 386 3344 dimisso
400 3306 473 3363 equo
487 3286 573 3362 pedes
586 3293 654 3344 ante
667 3287 776 3344 vexilla
788 3286 927 3346 constitit.
1005 3321 1007 3328 ι

188 3383 345 3442 XXXVI.
376 3382 423 3440 Ao
437 3383 530 3459 primo
544 3401 696 3458 congressu
710 3381 822 3440 eminus
836 3383 1008 3448 certabatur.

126 3483 274 3560 simulque
298 3482 461 3540 constantia
484 3481 571 3540 simul
597 3486 659 3539 arte
686 3477 824 3538 Britanni
847 3480 988 3556 ingentibr
