2406 3782
187 235 223 291 is
347 306 350 314 ¹
439 231 643 292 consum]
668 233 813 295 ulem]

182 381 354 430 eoncessum,
371 362 437 440 plus
460 383 599 442 reponere
621 365 655 422 in
676 365 748 423 duee
771 385 859 442 quam
879 365 910 422 in
931 366 1069 426 exercitu.

184 457 278 515 Omne
297 459 386 516 robur
401 460 434 517 in
454 461 559 536 pedite,
577 480 665 537 quem·
684 481 771 539 super
790 481 872 520 arma
889 462 1077 522 ferramentis
1162 494 1164 496 ·

183 573 297 632 quoque
325 559 355 611 et
381 555 470 632 copiis
496 561 624 614 onerant.
668 557 752 614 Alios
786 558 824 614 ad
853 557 997 635 proelium
1029 557 1073 616 ire

182 651 287 723 videas,
312 651 434 708 Chattos
453 652 491 709 ad
507 652 631 726 bellum;
656 653 715 710 rari
739 672 877 710 excursus
900 659 931 712 et
952 654 1074 712 fortuita

183 737 282 826 pugna
288 769 297 822 3
328 749 507 826 equestrium
539 769 607 808 sane
637 751 745 808 virium
772 750 804 808 id
829 751 988 827 proprium,
1015 750 1074 807 cito

184 865 286 921 parare
313 845 474 917 victoriam,
503 845 561 903 cito
588 845 687 903 cedere
693 865 702 919 ;
724 845 876 904 uelocitas
906 847 990 904 iuxta
1018 846 1075 903 for-

184 942 332 1013 midinem,
349 942 495 999 cunctatio
509 943 626 1018 propior
639 943 819 1000 constantiae
832 948 883 1002 est.

244 1038 369 1096 XXXI.
411 1039 452 1095 Et
465 1039 530 1096 aliis
545 1039 756 1097 Gennanorum
769 1039 886 1116 populis
901 1044 1076 1116 usurpatum

185 1154 251 1193 raro
278 1142 309 1192 et
332 1135 448 1212 privata
472 1137 611 1213 cuiusque
634 1137 773 1196 audentia
796 1129 874 1214 apud
897 1137 1019 1210 Chattos
1042 1137 1076 1194 in

187 1251 357 1290 consensum
388 1234 487 1304 vertit,
519 1241 555 1290 ut
584 1235 711 1310 primum
744 1235 933 1308 adoleverint,
965 1235 1076 1293 crinem

187 1330 362 1406 barbamque
387 1331 577 1403 summittere,
601 1351 655 1388 nec
676 1333 734 1389 nisi
757 1331 840 1390 hoste
864 1351 944 1390 caeso
968 1351 1076 1390 exuere

188 1427 320 1484 votivum
343 1426 561 1503 obligatumque
584 1428 691 1486 virtuti
715 1428 773 1486 oris
796 1426 938 1487 habitum.
982 1427 1077 1504 Super

105 1540 108 1547 ’
188 1524 358 1599 sanguinem
389 1530 419 1580 et
448 1523 539 1600 spolia
570 1524 702 1581 revelant
731 1525 865 1598 frontem,
897 1542 983 1601 seque
1010 1530 1076 1582 tum

188 1624 304 1680 demum
332 1623 426 1698 pretia
459 1623 595 1680 nascendi
620 1623 755 1681 retulisse
789 1623 948 1702 dignosque
979 1623 1078 1699 patria

188 1740 221 1776 ac
244 1719 414 1796 parentibus
435 1719 542 1776 ferunt.
586 1717 706 1795 Ignavis
730 1724 760 1776 et
783 1719 950 1777 imbellibus
976 1725 1078 1775 manet

189 1818 310 1894 squalor.
346 1817 533 1874 Fortissimus
546 1817 668 1894 quisque
681 1819 808 1876 ferreum
821 1817 941 1895 insuper
954 1817 1078 1874 anulum

188 1914 426 1991 (ignominiosum
442 1914 474 1970 id
490 1913 582 1992 genti)
600 1915 684 1971 velut
699 1915 850 1973 vinculum
867 1920 969 1992 gestat,
987 1914 1079 1971 donec

116 2076 118 2082 ,
189 2031 219 2069 se
246 2011 331 2070 caede
358 2011 449 2068 hostis
477 1995 615 2069 absolvat.
659 2011 799 2068 Plurimis
828 2009 1002 2069 Chattorum
1029 2009 1079 2066 hic

188 2109 284 2186 placet
307 2108 431 2181 habitus,
457 2109 574 2184 iamque
601 2114 707 2165 canent
733 2109 861 2186 insignes
887 2114 918 2167 et
944 2107 1080 2166 hostibus

189 2206 276 2265 simul
297 2207 414 2283 suisque
437 2205 600 2264 monstrati.
644 2205 784 2264 Omnium
807 2225 896 2283 penes
916 2206 969 2264 hos
991 2204 1080 2261 initia

188 2323 368 2381 pugnarum3
389 2304 459 2361 haec
475 2304 569 2380 prima
585 2322 698 2380 semper
713 2304 797 2372 acies
816 2304 881 2361 visu
897 2321 989 2376 nova3
1008 2319 1081 2358 nam

189 2421 227 2461 ne
239 2402 272 2459 in
285 2420 354 2479 pace
368 2401 486 2478 quidem
502 2400 588 2459 vultu
604 2401 720 2460 mitiore
735 2406 947 2459 mansuescunt
991 2397 1081 2456 Nulli

189 2500 291 2557 domus
309 2505 361 2558 aut
382 2518 450 2574 ager
473 2505 526 2556 aut
547 2498 646 2574 aliqua
666 2517 735 2556 cura
741 2519 750 2572 3
772 2502 859 2574 prout
876 2498 914 2554 ad
934 2512 1081 2575 quemque

190 2615 302 2668 venere,
317 2596 444 2668 aluntur,
459 2594 574 2671 prodigi
587 2593 684 2668 alieni,
700 2599 911 2671 contemptores
924 2593 977 2664 sui,
988 2591 1082 2650 donec

149 2749 154 2760 ,
191 2692 345 2769 exsanguis
359 2697 491 2750 senectus
505 2699 567 2750 tam
580 2690 670 2748 durae
684 2689 791 2747 virtuti
803 2689 927 2765 impares
940 2686 1036 2745 faciat.

249 2788 391 2848 XXXII.
414 2788 548 2846 Proximi
562 2786 676 2845 Chattis
693 2791 807 2844 certum
825 2783 883 2842 iam
902 2783 984 2840 alveo
1001 2782 1083 2840 Rhe·

190 2906 270 2961 num,
286 2886 396 2965 quique
407 2875 551 2943 terminus
565 2901 626 2942 esse
640 2882 771 2954 sufficiat,
785 2880 885 2957 Usipii
898 2898 932 2937 ac
946 2879 1084 2938 Tencteri

191 2986 300 3044 colunt.
336 2983 473 3042 Tencteri
486 3000 572 3058 super
585 2980 703 3038 solitum
718 2978 861 3036 bellorum
875 2976 961 3034 decus
980 2994 1083 3052 eques-

191 3085 246 3142 tris
254 3082 421 3160 disciplinae
432 3087 495 3140 arte
507 3079 695 3158 praecellunt,
706 3096 760 3134 nec
770 3075 863 3133 maior
872 3073 949 3152 apud
959 3071 1085 3132 Chattos

191 3181 323 3260 peditum
336 3182 401 3240 laus
415 3199 503 3257 quam
518 3175 667 3236 Tencteris
681 3173 822 3252 equitum.
866 3171 913 3229 stc
925 3170 1084 3228 instituere
1193 3221 1194 3228 ,

191 3277 314 3336 maiores
319 3298 329 3352 ,·
360 3277 468 3354 posteri
504 3273 667 3332 imitantur.
711 3269 757 3327 Hi
792 3268 873 3325 lusus
913 3265 1083 3335 infantium,

191 3377 262 3434 haee
289 3377 427 3434 iuvenum
455 3372 627 3446 aemulatio;
655 3372 842 3449 perseverant
863 3383 953 3424 senes.
996 3361 1085 3421 Inter

192 3472 332 3530 familiam
373 3478 403 3530 et
439 3477 558 3550 penates
594 3473 624 3526 et
664 3467 729 3525 iura
764 3463 975 3523 successionum
1014 3459 1083 3536 equi
