2390 3782
176 248 214 308 26
438 244 641 307 CORNELII
666 243 804 307 riola}

174 376 278 454 gladiis
290 380 321 434 et
333 377 469 435 brevibus
482 377 569 435 cetris
585 377 706 437 missilia
721 383 888 436 nostrorum
904 375 998 436 vitare
1015 378 1061 436 vel

176 479 318 546 excutere,
343 481 432 551 atque
462 474 518 550 ipsi
547 494 683 552 magnam
713 477 774 534 vim
808 475 933 534 telorum
965 468 1058 554 super·

175 570 303 645 fundere,
324 571 414 630 donec
429 570 569 646 Agricola
585 572 766 632 Batavorum
783 573 915 632 cohortes
932 593 966 632 ao
986 574 1063 634 Tun·

176 685 293 743 grorum
313 667 384 726 dues
405 667 575 727 cohortatus
592 675 644 741 est,
665 675 701 728 ut
721 689 783 728 rem
802 669 840 728 ad
859 689 1011 730 mucrones
1029 691 1062 729 ao

175 783 278 824 manus
304 766 481 825 adducerent
487 787 496 840 3
518 768 597 844 quod
624 769 748 845 stipsis
771 773 920 827 vetustate
941 769 1062 828 militiae

176 865 368 924 exereitatum
382 870 412 922 et
424 863 558 922 hostibus
573 864 710 937 inhabile,
727 883 818 942 parva
833 871 917 925 scuta
932 871 963 924 et
982 885 1062 923 enor-

176 977 236 1017 mes
262 958 372 1035 gladios
402 959 575 1035 gerentibus
618 959 698 1018 Nam
732 959 942 1021 Britannorum
973 961 1062 1037 gladii

176 1057 238 1114 sine
251 1075 388 1114 mucrone
396 1056 580 1133 complexum
590 1076 738 1115 armorum
747 1058 816 1116 etin
825 1063 926 1135 aperto
934 1076 1062 1135 pugnam

176 1173 235 1213 non
249 1155 418 1214 tolerabant
460 1155 558 1232 Igitur
571 1161 605 1213 ut
619 1154 726 1214 Batavi
738 1156 859 1214 miscere
874 1157 958 1229 ictus,
976 1157 1061 1216 ferire

177 1251 357 1322 umbonibus,
373 1271 423 1308 ora
435 1251 557 1322 foedare,
573 1257 603 1309 et
616 1251 723 1324 stratis,
741 1251 793 1328 qui
808 1252 841 1310 in
856 1271 948 1328 aequo
964 1253 1061 1310 astite-

175 1353 251 1418 rant,
270 1346 378 1422 erigere
395 1347 428 1404 in
448 1346 535 1406 colles
553 1347 644 1406 aciem
662 1367 787 1425 coepere,
804 1353 916 1406 ceterae
931 1348 1062 1408 cobortes

176 1441 367 1500 aemulatione
381 1448 412 1500 et
424 1443 536 1520 inpetu
549 1443 682 1502 connisae
696 1445 843 1520 proximos
859 1464 987 1522 quosque
1002 1465 1063 1503 cae·

176 1539 262 1613 dere3
282 1559 316 1598 so
339 1541 468 1617 plerique
491 1541 645 1600 semineces
668 1548 721 1600 eut
747 1543 854 1620 integri
875 1543 1062 1602 festinatione

150 1709 152 1713 ,
176 1639 316 1698 victoriae
343 1638 590 1716 relinquebantur.
638 1639 764 1698 Interim
791 1642 924 1720 equitum
947 1647 1062 1700 turmae

177 1739 284 1815 fugere,
312 1738 473 1796 covinnarii
500 1737 633 1814 peditum
660 1757 691 1796 se
717 1738 826 1815 proelio
853 1741 1001 1812 miscuere,
1030 1747 1061 1798 et

178 1853 356 1911 quamquam
378 1839 524 1892 recentem
548 1839 689 1894 terrorem
709 1833 880 1907 intulerant,
905 1834 1000 1894 densis
1019 1841 1063 1893 ta·

177 1949 245 1988 men
270 1929 399 1988 hostium
434 1929 598 2006 agminibus
625 1936 656 1989 et
678 1931 880 2008 inaequalibus
903 1931 973 1989 locis
995 1931 1059 1988 hae

176 2027 295 2099 rebant3
322 2026 499 2102 minimeque
525 2027 666 2102 equestris
694 2046 728 2085 ea
757 2027 815 2084 iam
836 2045 951 2104 pugnae
974 2027 1061 2086 facies

177 2129 247 2196 erat,
278 2143 369 2200 quum
400 2141 485 2199 aegre
514 2122 590 2180 clivo
623 2123 766 2181 instantes
800 2122 887 2182 simul
921 2143 1060 2200 equorum

177 2219 342 2296 corporibus
362 2218 596 2295 impellerentur,
620 2238 654 2276 ac
674 2237 758 2295 saepe
781 2219 848 2295 vagi
874 2237 984 2292 currus,
1013 2239 1060 2280 ex-

177 2315 274 2374 territi
300 2315 362 2374 sine
393 2315 553 2373 rectoribus
582 2314 658 2390 equi,
694 2319 729 2372 ut
760 2333 905 2392 quemque
938 2314 1060 2374 formido

176 2412 294 2484 tulerat,
308 2416 486 2470 menevenses
498 2415 551 2468 aut
563 2410 663 2467 obvios
675 2410 869 2470 incursabant

235 2509 409 2569 XXXVII.
450 2509 492 2568 Et
515 2508 660 2580 Britanni,
682 2511 736 2586 qui
758 2511 854 2569 adhuc
874 2529 989 2588 pugnae
1010 2530 1061 2569 ex-

176 2612 271 2690 pertes
294 2625 406 2665 summa
427 2605 545 2664 collium
566 2605 734 2664 insederant
753 2612 783 2664 et
800 2607 978 2684 paucitatem
995 2625 1060 2665 nos-

177 2710 289 2763 trorum
306 2704 392 2762 vacui
411 2704 592 2780 spernebant
608 2703 725 2780 degredi
737 2703 880 2782 paulatim
896 2710 926 2764 et
942 2706 1062 2763 circum-

176 2801 219 2859 ire
240 2806 322 2878 terga
345 2800 526 2859 vincentium
549 2805 711 2877 coeperant,
733 2800 766 2858 ni
783 2801 815 2858 id
834 2802 930 2878 ipsum
949 2801 1061 2858 veritus

177 2897 316 2974 Agricola
349 2903 489 2976 quattuor
525 2896 657 2974 equitum
691 2897 758 2969 alas,
797 2896 834 2955 ad
864 2897 960 2955 subita
990 2897 1062 2956 belli

176 3000 312 3068 retentas,
337 2994 522 3053 venientibus
543 2992 728 3070 opposuisset,
752 2999 918 3071 quantoque
937 2994 1062 3054 ferocius

176 3098 403 3164 accucurrerunt,
418 3096 502 3149 tanto
515 3091 609 3148 acrius
622 3090 720 3166 pulsos
733 3091 765 3150 in
778 3091 877 3167 fugam
893 3091 1059 3154 disiecisset.

177 3191 228 3249 Ita
248 3179 400 3248 condilum
423 3187 634 3246 Britannorum
660 3187 692 3244 in
714 3188 790 3264 ipsos
813 3207 938 3260 versum,
967 3194 1063 3246 trans·

178 3291 333 3362 vestaeque
353 3288 505 3361 praecepto
527 3282 608 3341 ducis
631 3303 649 3341 a
670 3284 765 3342 fronte
782 3284 978 3360 pugnantium
998 3284 1063 3344 alae

178 3399 309 3442 evomam
331 3379 459 3438 hostium
480 3378 571 3436 aciem
591 3377 729 3436 invasere.
772 3379 846 3436 Tum
869 3398 938 3437 vero
960 3384 1063 3456 paten-

178 3483 259 3542 tibus
270 3481 341 3540 locis
354 3478 463 3560 grande
475 3484 506 3538 et
518 3483 604 3537 atrox
620 3478 834 3558 spectaculum3
855 3481 945 3557 sequi,
961 3479 1064 3542 vsrlne-
