2406 3782
177 225 196 283 8
434 220 636 283 CORNELII
662 219 805 283 rrum

176 349 330 412 discrimen
345 350 448 428 capitis
463 350 621 412 intendere.
673 349 834 409 Distinotio
849 315 1064 427 poenarum'ex

177 449 289 508 delicto.
336 445 503 506 Proditores
525 453 556 505 et
578 448 743 525 banslirgas
769 448 921 507 arboribus
947 467 1065 524 suspen.

177 545 259 617 dunt,
274 542 392 620 iguawm
405 549 437 601 at
449 542 580 602 imbelles
599 550 630 604 et
649 561 767 620 corpore
786 543 909 602 infames
928 562 1016 602 coeno
1029 563 1065 601 ac
1185 617 1186 628 ἵ

176 642 282 719 palude
308 641 415 701 iniecta
438 641 561 720 insuper
587 649 665 702 crate
697 649 842 720 mergrmt.
898 642 1064 702 Diversitas

177 739 312 816 supplicii
324 738 394 796 illuc
407 739 533 814 respicit,
550 746 699 818 tamquam
721 741 828 808 scelera
848 741 963 800 usundi
982 759 1065 816 opor·

177 842 247 908 teat,
270 836 342 894 dum
361 835 533 912 puniuntur,
553 837 662 914 flagitia
683 837 826 896 abscondi.
870 837 975 896 Sedet
994 836 1065 896 leri·

177 933 275 992 oribus
287 931 401 990 delictis
413 950 466 1008 pro
479 931 565 990 modo
577 935 691 1009 po'ena3
713 952 855 1010 equcmm
870 949 1064 1012 pecorumque

177 1049 299 1090 numero
317 1029 443 1088 convicti
460 1031 649 1091 mulctantur.
700 1029 773 1090 Para
790 1031 917 1088 mulctae
934 1031 997 1107 regi
1017 1030 1064 1089 vel

178 1127 299 1199 civitati,
313 1145 379 1203 pars
396 1125 459 1202 ipsi,
481 1125 534 1203 qui
551 1127 725 1198 vindicatur,
746 1126 794 1184 vel
811 1127 983 1205 propinquis
1003 1126 1066 1185 eius

179 1226 345 1285 exsolvitur.
387 1223 546 1302 Eliguntur
558 1225 591 1284 iu
604 1225 709 1284 iisdem
721 1227 850 1286 concidis
864 1233 895 1285 et
908 1226 1064 1304 principes,

179 1323 230 1400 qui
242 1323 308 1380 iura
320 1340 373 1398 per
384 1341 472 1398 pagos
485 1322 620 1400 vicosque
633 1321 769 1382 reddunt
805 1321 930 1382 (lauteni
942 1321 1066 1399 singulis

179 1433 217 1475 ex
229 1417 312 1494 plebe
325 1418 443 1475 comites
456 1416 608 1476 consilium
622 1417 708 1477 dmrrl
722 1424 752 1476 et
765 1419 923 1476 auctoritas
935 1418 1051 1476 adsunt.

238 1512 335 1574 XIII.
377 1511 463 1571 Nihil
490 1520 589 1573 autem
610 1530 705 1592 neque
728 1515 861 1592 publicae
888 1534 983 1593 nequa
1006 1517 1067 1593 pri-

183 1619 264 1671 vatae
280 1612 324 1670 rei
343 1610 401 1670 nisi
422 1613 527 1670 armati
548 1618 647 1690 agunt
697 1613 756 1672 Sed
775 1633 857 1673 arma
876 1633 990 1674 sumere
1005 1633 1067 1674 non

180 1715 248 1767 aute
271 1706 406 1785 cuiquam
426 1709 515 1766 moris
533 1729 622 1786 quam
637 1710 741 1768 civitas
760 1711 950 1770 suffecturum
965 1711 1067 1788 proba·

180 1805 264 1864 verit.
306 1804 382 1863 Turn
394 1803 427 1862 iu
439 1803 504 1883 ipso
516 1806 637 1864 concilio
650 1805 698 1864 vel
710 1807 876 1884 principum
892 1808 1000 1886 aliquis
1017 1807 1067 1866 rel

179 1908 263 1980 pater
274 1900 322 1960 vel
337 1901 494 1979 propinqui
511 1907 594 1960 scuto
611 1902 776 1980 numasque
796 1904 933 1964 iuvenem
949 1910 1064 1966 omant.

180 2000 264 2060 Haec
284 2000 363 2077 apud
382 1986 448 2058 illua
473 2005 549 2076 toga,
578 2000 627 2058 hic
653 2001 763 2077 primus
789 2001 928 2062 iuventae
954 2003 1066 2078 hunoa5

181 2098 315 2157 antehoc
327 2099 431 2157 domus
443 2116 511 2176 pars
523 2097 670 2168 videntur,
683 2118 753 2158 mox
771 2100 815 2158 rei
834 2101 974 2178 publicae.
1017 2102 1068 2159 In·

181 2198 270 2275 signia
295 2196 434 2256 nobilitas
459 2202 512 2256 aut
537 2215 642 2274 magna
663 2204 780 2276 patrum
802 2199 908 2257 merita
927 2197 1068 2277 principis

181 2292 377 2371 dignationem
398 2293 488 2351 etiam
511 2291 732 2352 adolescentulis
755 2293 913 2370 assignant
957 2294 1068 2353 (leteris

180 2391 389 2450 robustioribus
402 2409 435 2448 ac
448 2390 633 2468 iampridem
648 2390 778 2466 probatis
797 2397 999 2467 aggregantur,
1014 2410 1069 2450 nec

180 2489 270 2548 rubor
281 2488 361 2548 iuter
374 2487 493 2546 comites
509 2487 608 2565 aspici.
652 2486 767 2545 Gradus
783 2487 857 2564 quin
873 2487 964 2545 etiam
984 2489 1070 2546 comi·

180 2594 261 2648 tatus
273 2587 362 2647 habet
374 2585 484 2646 iudicio
496 2586 565 2658 eius,
584 2603 673 2662 quem
692 2589 849 2658 sectantur,
863 2575 1070 2662 magnaque'et

181 2685 321 2744 comitum
347 2683 511 2754 aemulatio,
537 2681 643 2759 quibus
668 2680 780 2758 primus
806 2680 885 2756 apud
907 2680 1070 2758 prinoipem

182 2801 267 2842 auum
293 2782 381 2855 locus,
407 2786 438 2839 et
463 2778 639 2857 principum,
663 2777 711 2834 cui
737 2775 859 2853 plurimi
884 2782 915 2834 et
935 2776 1071 2836 acerrimi

182 2882 308 2942 comites.
360 2880 444 2938 Haec
467 2877 601 2955 dignitas,
625 2875 681 2934 hae
702 2874 798 2949 vires3
829 2894 934 2952 magno
958 2895 1072 2953 semper

183 2973 339 3038 electorum
351 2975 491 3034 iuvenum
503 2973 590 3051 globo
603 2971 776 3032 circumdari
788 2972 821 3030 in
837 2991 907 3049 paee
926 2972 1022 3046 decus,
1038 2973 1071 3032 in

182 3073 260 3136 bello
281 3075 467 3153 praesidium.
516 3071 581 3130 Nec
604 3071 698 3129 solum
718 3071 752 3128 in
775 3088 828 3128 sua
848 3075 935 3146 geute
957 3071 1070 3148 cuique,

183 3173 234 3231 sed
261 3172 339 3250 apud
365 3170 506 3229 finitimas
531 3187 647 3246 quoque
674 3165 810 3225 civitates
837 3166 868 3224 id
893 3185 1009 3239 nomen,
1037 3186 1073 3224 aa

184 3269 276 3345 gloria
302 3275 353 3343 est,
382 3269 407 3326 si
427 3285 550 3326 numero
570 3285 605 3324 ao
625 3265 737 3324 virtute
758 3264 913 3323 comitatus
934 3265 1072 3324 emineat.

185 3367 373 3447 Expetuntur
386 3367 466 3426 euim
478 3364 680 3443 legationibus,
694 3369 725 3422 et
737 3363 907 3424 muneribus
920 3369 1072 3438 ornantur,

185 3470 215 3521 et
227 3465 290 3544 ipsa
301 3463 473 3543 plerumque
485 3463 563 3520 fama
575 3461 652 3522 bella
665 3460 828 3540 profligant.
