2406 3782
354 247 571 312 GERMANIA
599 246 771 310 v1.-XV.
1000 249 1018 308 9

151 444 154 448 ,
192 377 281 438 XIV.
325 379 424 450 Quum
450 383 573 436 ventum
599 379 632 437 in
657 379 757 447 eciem,
784 383 870 453 turpe
893 376 1020 455 principi

132 479 244 537 virtute
264 477 351 550 vinci,
369 482 454 555 turpe
473 475 625 536 comitatui
644 475 786 533 virtutem
803 474 943 551 principis
961 493 1021 532 non

133 573 302 651 adaequare.
345 573 411 630 Isun
437 590 507 630 vero
533 572 641 630 infame
667 571 701 629 in
727 589 842 628 omnem
868 571 961 643 ritem
987 589 1021 628 ac

133 670 304 746 probrosum
316 668 503 746 superstitem
516 667 641 745 principi
654 685 706 726 suo
726 686 765 725 ex
783 665 845 725 soie
864 661 1018 725 recessisse.

135 766 227 825 Illum
241 767 404 839 defendere,
419 765 506 839 tueri,
521 751 708 844 suequoque'
721 765 809 824 fortis
823 765 899 840 fecte
911 763 1022 841 gloriae

134 864 197 922 eius
219 863 366 941 assignare
386 862 576 940 praecipuum
597 868 810 920 sacramentum
831 866 883 920 est
939 861 1023 919 Prin-

135 962 213 1039 cipes
229 981 282 1039 pro
300 961 423 1019 victorin
442 964 584 1036 pugnent,
603 959 722 1016 comites
742 975 796 1034 pro
811 957 948 1034 principe
991 958 1023 1016 si

135 1059 245 1133 cirites,
264 1059 297 1117 in
317 1077 376 1136 que
397 1058 456 1116 orti
480 1061 557 1129 sunt,
580 1055 667 1132 longa
686 1073 756 1131 paee
777 1060 807 1113 et
825 1054 886 1112 otio
899 1060 1021 1132 torpeat,

135 1158 266 1236 plerique
279 1156 423 1215 nobilium
436 1154 662 1213 adolescentium
680 1156 787 1228 petunt
806 1151 885 1209 ultro
905 1169 954 1209 ees
973 1171 1024 1208 ne

136 1255 238 1327 tiones,
257 1273 332 1333 qnae
353 1257 419 1312 tum
440 1251 552 1310 bellum
571 1249 689 1326 eliqnod
704 1256 819 1326 gerunt,
840 1249 911 1327 quia
931 1255 961 1307 et
980 1250 1025 1307 in·

136 1356 219 1428 grate
231 1352 313 1428 genti
327 1351 420 1428 quies,
433 1354 465 1407 et
476 1348 590 1406 facilius
603 1348 682 1405 inter
694 1347 834 1424 ancipitis
854 1346 1023 1420 clarescunt,

136 1467 331 1526 mngnumque
352 1447 525 1506 comitatum
544 1462 604 1503 non
621 1443 680 1501 nisi
694 1443 727 1502 vi
742 1442 875 1521 belloque
893 1449 1023 1504 tuentum

137 1543 272 1620 Exigunt
292 1544 371 1602 enim
395 1543 536 1620 principis
558 1543 605 1600 sui
628 1540 805 1600 liberalitate
825 1541 911 1600 illum
937 1542 1025 1600 bellu·

137 1647 232 1700 torem
249 1659 365 1718 equum,
379 1639 462 1696 illem
481 1643 632 1697 cruentam
654 1637 857 1714 victricemque
877 1639 1026 1700 frameam.

136 1737 217 1796 Nem
236 1737 345 1814 epulae,
365 1741 396 1794 et
414 1747 593 1813 quemquam
610 1735 752 1812 incompti
771 1735 845 1812 largi
860 1741 960 1795 temen
977 1757 1026 1814 sp-

136 1843 264 1915 perotus,
278 1856 332 1915 pro
346 1837 490 1914 stipendio
504 1837 618 1898 cedunt.
671 1836 798 1895 Materia
810 1839 1026 1898 munificentiae

136 1953 190 2012 per
202 1934 280 1993 belle
295 1940 326 1992 et
341 1939 451 2010 raptus.
494 1933 558 1992 Nec
571 1953 654 1992 arere
667 1939 777 1992 terrem
792 1940 844 1993 sut
860 1943 1026 2014 exspectare

137 2050 249 2089 sunum
262 2036 324 2088 tem
341 2030 426 2088 facile
445 2030 620 2107 persuaseris
635 2050 724 2108 quem
743 2035 846 2091 ¹vocare
866 2033 979 2092 hostem
997 2041 1027 2092 et

138 2129 263 2186 vulnere
279 2128 392 2188 mereri.
428 2127 552 2204 Pigrnm
569 2128 643 2204 quin
659 2128 749 2187 immo
768 2135 799 2188 et
818 2130 897 2188 iners
908 2131 1028 2189 ridetur

136 2225 244 2282 sudore
257 2225 413 2302 acquirere,
428 2224 507 2301 quod
520 2226 612 2302 possis
624 2225 764 2302 sunguine
777 2245 886 2303 perere.

200 2318 272 2378 XV.
316 2320 460 2390 Quotiens
472 2319 550 2379 bello
563 2341 623 2379 non
640 2322 754 2394 ineunt,
772 2323 901 2381 multum
919 2322 1029 2383 veneti·

140 2417 203 2489 bus,
217 2417 284 2493 plus
302 2435 356 2494 per
370 2417 466 2475 otium
481 2418 650 2494 transigumt
665 2417 759 2476 dediti
774 2422 879 2478 'somno
897 2421 1026 2498 ciboque,

134 2516 314 2575 ¹fortissimus
327 2517 451 2593 quisque
470 2536 504 2574 nc
524 2516 757 2575 bellicosissimus
776 2516 852 2574 nihil
871 2537 966 2594 egens,
982 2519 1030 2576 dc·

139 2615 237 2691 legata
257 2613 361 2672 domus
384 2619 415 2671 et
438 2614 590 2690 penatium
612 2619 643 2672 et
663 2631 799 2690 agrorum
822 2633 891 2672 curs
913 2613 1030 2673 feminis

140 2711 316 2788 senibusque
343 2716 377 2768 et·
399 2711 598 2770 infirmissimo
625 2711 732 2788 cuique
756 2730 794 2770 ex
816 2711 946 2790 familis5
974 2712 1031 2788 ipsi

139 2808 256 2885 hebent,
271 2811 347 2868 mim
360 2809 530 2870 diversitate
543 2815 675 2882 neturus,
688 2829 781 2886 quum
793 2809 882 2868 iidem
899 2810 1032 2868 homines

138 2908 182 2966 sic
196 2912 298 2965 ament
310 2907 449 2964 inertiam
465 2913 497 2966 et
512 2907 629 2965 oderint
646 2907 782 2984 quietem.
825 2907 892 2966 Mos
905 2913 950 2966 est
963 2908 1032 2966 civi·
1047 2967 1049 2972 ,

141 3006 253 3063 tatibus
275 3005 356 3063 ultro
381 3023 414 3062 sc
437 3004 551 3062 viritim
575 3004 705 3063 conferre
726 3003 905 3082 principibus
922 3003 969 3064 rel
990 3004 1033 3064 er·

141 3107 308 3160 mentorum
334 3100 382 3160 vel
408 3102 534 3178 frugum,
563 3101 642 3179 quod
668 3121 721 3179 pro
748 3101 858 3160 honore
884 3100 1033 3179 occeptum

143 3198 232 3255 etiam
261 3197 482 3256 necessitutibus
509 3198 654 3256 subvenit
714 3197 853 3257 Gaudent
881 3199 1033 3278 praecipue
1131 3255 1135 3263 ,

142 3292 483 3371 finitimarumgentium
496 3294 587 3369 donis,
603 3314 678 3373 quoe
690 3313 750 3354 non
763 3295 849 3354 modo
867 3315 885 3353 a
902 3297 1032 3374 singulis,

143 3391 195 3450 sed
213 3391 331 3468 publice
347 3391 519 3465 mittuntur,
537 3392 717 3470 electi'equi,
738 3395 842 3470 magns
860 3412 949 3466 arms,
965 3394 1034 3470 phe·

144 3485 221 3548 leree
234 3494 419 3568 torquesque
442 3488 509 3550 Iem
521 3496 553 3552 et
566 3488 720 3568 pecuniam
733 3490 862 3568 occipere
875 3489 1030 3552 docuimus
