<?xml version="1.0" encoding="UTF-8"?>
<!DOCTYPE html PUBLIC "-//W3C//DTD XHTML 1.0 Transitional//EN"
    "http://www.w3.org/TR/xhtml1/DTD/xhtml1-transitional.dtd">
<html xmlns="http://www.w3.org/1999/xhtml" xml:lang="en" lang="en">
 <head>
  <title>
</title>
<meta http-equiv="Content-Type" content="text/html;charset=utf-8" />
  <meta name='ocr-system' content='tesseract 3.04.00' />
  <meta name='ocr-capabilities' content='ocr_page ocr_carea ocr_par ocr_line ocrx_word'/>
</head>
<body>
  <div class='ocr_page' id='page_1' title='image "./agricolaandgerm05tacigoog_0040.png"; bbox 0 0 2390 3782; ppageno 0'>
   <div class='ocr_carea' id='block_1_1' title="bbox 120 269 1033 3204">
    <p class='ocr_par' dir='ltr' id='par_1_1' title="bbox 120 269 1033 3204">
     <span class='ocr_line' id='line_1_1' title="bbox 325 269 1006 350; baseline 0.009 -9"><span class='ocrx_word' id='word_1_1' title='bbox 325 271 528 350; x_wconf 72' lang='lat' dir='ltr'>rotrocus</span> <span class='ocrx_word' id='word_1_2' title='bbox 558 269 803 347; x_wconf 69' lang='lat' dir='ltr'>xiie-xtra</span> <span class='ocrx_word' id='word_1_3' title='bbox 974 274 1006 347; x_wconf 81' lang='grc' dir='ltr'>ιι</span> 
     </span>
     <span class='ocr_line' id='line_1_2' title="bbox 127 403 1010 495; baseline 0.009 -27"><span class='ocrx_word' id='word_1_4' title='bbox 127 409 253 490; x_wconf 87' lang='lat' dir='ltr'>mansit),</span> <span class='ocrx_word' id='word_1_5' title='bbox 267 419 310 486; x_wconf 88' lang='lat' dir='ltr'>ut,</span> <span class='ocrx_word' id='word_1_6' title='bbox 324 419 422 473; x_wconf 84' lang='lat' dir='ltr'>vetere</span> <span class='ocrx_word' id='word_1_7' title='bbox 438 433 470 472; x_wconf 83' lang='lat' dir='ltr'>aa</span> <span class='ocrx_word' id='word_1_8' title='bbox 480 403 482 408; x_wconf 54' lang='grc'>’</span> <span class='ocrx_word' id='word_1_9' title='bbox 491 415 550 473; x_wconf 90' lang='lat' dir='ltr'>iam</span> <span class='ocrx_word' id='word_1_10' title='bbox 566 415 679 492; x_wconf 84' lang='lat' dir='ltr'>pridem</span> <span class='ocrx_word' id='word_1_11' title='bbox 694 422 811 495; x_wconf 87' lang='lat' dir='ltr'>recepta</span> <span class='ocrx_word' id='word_1_12' title='bbox 830 418 930 494; x_wconf 89' lang='lat' dir='ltr'>populi</span> <span class='ocrx_word' id='word_1_13' title='bbox 951 418 1010 476; x_wconf 84' lang='lat' dir='ltr'>Ro&#39;-</span> 
     </span>
     <span class='ocr_line' id='line_1_3' title="bbox 126 509 1013 584; baseline 0.009 -18"><span class='ocrx_word' id='word_1_14' title='bbox 126 509 207 566; x_wconf 91' lang='lat' dir='ltr'>mani</span> <span class='ocrx_word' id='word_1_15' title='bbox 226 511 441 584; x_wconf 89' lang='lat' dir='ltr'>consuetudine,</span> <span class='ocrx_word' id='word_1_16' title='bbox 456 512 576 570; x_wconf 89' lang='lat' dir='ltr'>haberet</span> <span class='ocrx_word' id='word_1_17' title='bbox 595 512 794 572; x_wconf 89' lang='lat' dir='ltr'>instrumenta</span> <span class='ocrx_word' id='word_1_18' title='bbox 814 515 964 574; x_wconf 86' lang='lat' dir='ltr'>servitutis</span> <span class='ocrx_word' id='word_1_19' title='bbox 980 521 1013 582; x_wconf 89' lang='lat' dir='ltr'>et</span> 
     </span>
     <span class='ocr_line' id='line_1_4' title="bbox 126 613 1009 693; baseline 0.002 -24"><span class='ocrx_word' id='word_1_20' title='bbox 126 631 216 690; x_wconf 40' lang='lat' dir='ltr'>rmeges</span> <span class='ocrx_word' id='word_1_21' title='bbox 250 614 326 672; x_wconf 85' lang='lat' dir='ltr'>Mox</span> <span class='ocrx_word' id='word_1_22' title='bbox 339 613 447 673; x_wconf 82' lang='lat' dir='ltr'>Didius</span> <span class='ocrx_word' id='word_1_23' title='bbox 460 613 563 672; x_wconf 81' lang='lat' dir='ltr'><strong>Gallus</strong></span> <span class='ocrx_word' id='word_1_24' title='bbox 576 621 660 693; x_wconf 88' lang='lat' dir='ltr'>parta</span> <span class='ocrx_word' id='word_1_25' title='bbox 672 616 845 693; x_wconf 88' lang='lat' dir='ltr'>aprioribus</span> <span class='ocrx_word' id='word_1_26' title='bbox 855 614 1009 687; x_wconf 72' lang='lat' dir='ltr'>continuit,</span> 
     </span>
     <span class='ocr_line' id='line_1_5' title="bbox 124 711 1012 798; baseline 0 -30"><span class='ocrx_word' id='word_1_27' title='bbox 124 712 230 798; x_wconf 75' lang='lat' dir='ltr'>paucis</span> <span class='ocrx_word' id='word_1_28' title='bbox 246 711 403 796; x_wconf 84' lang='lat' dir='ltr'>admodum</span> <span class='ocrx_word' id='word_1_29' title='bbox 425 711 580 798; x_wconf 77' lang='lat' dir='ltr'>castellis</span> <span class='ocrx_word' id='word_1_30' title='bbox 571 732 604 770; x_wconf 88' lang='grc' dir='ltr'>ιιι</span> <span class='ocrx_word' id='word_1_31' title='bbox 626 713 767 771; x_wconf 81' lang='lat' dir='ltr'>ulteriora</span> <span class='ocrx_word' id='word_1_32' title='bbox 790 712 937 790; x_wconf 90' lang='lat' dir='ltr'>promotis,</span> <span class='ocrx_word' id='word_1_33' title='bbox 959 731 1012 788; x_wconf 87' lang='lat' dir='ltr'>per</span> 
     </span>
     <span class='ocr_line' id='line_1_6' title="bbox 125 789 1011 886; baseline 0 -21"><span class='ocrx_word' id='word_1_34' title='bbox 125 827 201 884; x_wconf 90' lang='lat' dir='ltr'>quae</span> <span class='ocrx_word' id='word_1_35' title='bbox 213 792 292 866; x_wconf 71' lang='lat' dir='ltr'>fama</span> <span class='ocrx_word' id='word_1_36' title='bbox 302 790 382 867; x_wconf 87' lang='lat' dir='ltr'>aucti</span> <span class='ocrx_word' id='word_1_37' title='bbox 394 807 480 867; x_wconf 89' lang='lat' dir='ltr'>officii</span> <span class='ocrx_word' id='word_1_38' title='bbox 492 789 687 885; x_wconf 77' lang='lat' dir='ltr'>quaereretur.</span> <span class='ocrx_word' id='word_1_39' title='bbox 729 808 854 867; x_wconf 89' lang='lat' dir='ltr'>Didium</span> <span class='ocrx_word' id='word_1_40' title='bbox 863 809 1011 886; x_wconf 79' lang='lat' dir='ltr'>Veranius</span> 
     </span>
     <span class='ocr_line' id='line_1_7' title="bbox 125 905 1011 984; baseline 0 -21"><span class='ocrx_word' id='word_1_41' title='bbox 125 909 247 984; x_wconf 85' lang='lat' dir='ltr'>excepit,</span> <span class='ocrx_word' id='word_1_42' title='bbox 269 908 351 984; x_wconf 86' lang='lat' dir='ltr'>isque</span> <span class='ocrx_word' id='word_1_43' title='bbox 369 907 450 965; x_wconf 86' lang='lat' dir='ltr'>intra</span> <span class='ocrx_word' id='word_1_44' title='bbox 466 917 577 965; x_wconf 84' lang='lat' dir='ltr'>annum</span> <span class='ocrx_word' id='word_1_45' title='bbox 594 908 743 964; x_wconf 82' lang='lat' dir='ltr'>extinctus</span> <span class='ocrx_word' id='word_1_46' title='bbox 761 913 811 966; x_wconf 86' lang='lat' dir='ltr'>est.</span> <span class='ocrx_word' id='word_1_47' title='bbox 854 905 1011 965; x_wconf 79' lang='lat' dir='ltr'>Suetonius</span> 
     </span>
     <span class='ocr_line' id='line_1_8' title="bbox 125 1001 1033 1082; baseline -0.001 -21"><span class='ocrx_word' id='word_1_48' title='bbox 125 1003 194 1061; x_wconf 88' lang='lat' dir='ltr'>hinc</span> <span class='ocrx_word' id='word_1_49' title='bbox 216 1001 358 1062; x_wconf 80' lang='lat' dir='ltr'>Paulinus</span> <span class='ocrx_word' id='word_1_50' title='bbox 380 1004 498 1065; x_wconf 88' lang='lat' dir='ltr'>biennio</span> <span class='ocrx_word' id='word_1_51' title='bbox 522 1021 671 1082; x_wconf 88' lang='lat' dir='ltr'>prosperas</span> <span class='ocrx_word' id='word_1_52' title='bbox 693 1019 739 1062; x_wconf 87' lang='lat' dir='ltr'>res</span> <span class='ocrx_word' id='word_1_53' title='bbox 759 1002 865 1061; x_wconf 89' lang='lat' dir='ltr'>habuit</span> <span class='ocrx_word' id='word_1_54' title='bbox 885 1001 1033 1061; x_wconf 74' lang='lat' dir='ltr'>subactio¹</span> 
     </span>
     <span class='ocr_line' id='line_1_9' title="bbox 122 1097 1012 1178; baseline 0 -21"><span class='ocrx_word' id='word_1_55' title='bbox 122 1101 292 1158; x_wconf 88' lang='lat' dir='ltr'>nationibus</span> <span class='ocrx_word' id='word_1_56' title='bbox 328 1101 508 1178; x_wconf 85' lang='lat' dir='ltr'>firmatisque</span> <span class='ocrx_word' id='word_1_57' title='bbox 544 1101 694 1178; x_wconf 88' lang='lat' dir='ltr'>praesidiis</span> <span class='ocrx_word' id='word_1_58' title='bbox 700 1120 709 1176; x_wconf 81' lang='lat'>3</span> <span class='ocrx_word' id='word_1_59' title='bbox 745 1119 870 1178; x_wconf 90' lang='lat' dir='ltr'>quorum</span> <span class='ocrx_word' id='word_1_60' title='bbox 905 1097 1012 1158; x_wconf 88' lang='lat' dir='ltr'>fiducia</span> 
     </span>
     <span class='ocr_line' id='line_1_10' title="bbox 124 1190 1010 1270; baseline -0.002 -16"><span class='ocrx_word' id='word_1_61' title='bbox 124 1195 247 1255; x_wconf 86' lang='lat' dir='ltr'>Monam</span> <span class='ocrx_word' id='word_1_62' title='bbox 272 1199 406 1270; x_wconf 89' lang='lat' dir='ltr'>insulam,</span> <span class='ocrx_word' id='word_1_63' title='bbox 434 1203 470 1255; x_wconf 91' lang='lat' dir='ltr'>ut</span> <span class='ocrx_word' id='word_1_64' title='bbox 495 1198 572 1255; x_wconf 83' lang='lat' dir='ltr'>vires</span> <span class='ocrx_word' id='word_1_65' title='bbox 598 1195 754 1255; x_wconf 85' lang='lat' dir='ltr'>rebellibus</span> <span class='ocrx_word' id='word_1_66' title='bbox 785 1197 887 1254; x_wconf 85' lang='lat' dir='ltr'>minist</span> <span class='ocrx_word' id='word_1_67' title='bbox 875 1190 1010 1268; x_wconf 84' lang='lat' dir='ltr'>trantsm,</span> 
     </span>
     <span class='ocr_line' id='line_1_11' title="bbox 123 1292 677 1370; baseline -0.002 -20"><span class='ocrx_word' id='word_1_68' title='bbox 123 1311 273 1370; x_wconf 83' lang='lat' dir='ltr'>aggressus</span> <span class='ocrx_word' id='word_1_69' title='bbox 286 1299 368 1370; x_wconf 82' lang='lat' dir='ltr'>terga</span> <span class='ocrx_word' id='word_1_70' title='bbox 381 1293 522 1352; x_wconf 77' lang='lat' dir='ltr'>occasioni</span> <span class='ocrx_word' id='word_1_71' title='bbox 512 1292 677 1370; x_wconf 81' lang='lat' dir='ltr'>patefecit</span> 
     </span>
     <span class='ocr_line' id='line_1_12' title="bbox 182 1387 1008 1466; baseline 0.002 -20"><span class='ocrx_word' id='word_1_72' title='bbox 182 1387 255 1448; x_wconf 89' lang='lat' dir='ltr'>XV.</span> <span class='ocrx_word' id='word_1_73' title='bbox 298 1388 433 1466; x_wconf 85' lang='lat' dir='ltr'>Namque</span> <span class='ocrx_word' id='word_1_74' title='bbox 473 1388 603 1447; x_wconf 88' lang='lat' dir='ltr'>absentia</span> <span class='ocrx_word' id='word_1_75' title='bbox 643 1389 733 1465; x_wconf 86' lang='lat' dir='ltr'>legati</span> <span class='ocrx_word' id='word_1_76' title='bbox 772 1394 884 1447; x_wconf 90' lang='lat' dir='ltr'>remoto</span> <span class='ocrx_word' id='word_1_77' title='bbox 919 1393 1008 1462; x_wconf 86' lang='lat' dir='ltr'>metu,</span> 
     </span>
     <span class='ocr_line' id='line_1_13' title="bbox 123 1481 1011 1564; baseline -0.001 -20"><span class='ocrx_word' id='word_1_78' title='bbox 123 1485 261 1545; x_wconf 84' lang='lat' dir='ltr'>Britanni</span> <span class='ocrx_word' id='word_1_79' title='bbox 291 1488 402 1564; x_wconf 84' lang='lat' dir='ltr'>agitare</span> <span class='ocrx_word' id='word_1_80' title='bbox 430 1488 509 1544; x_wconf 87' lang='lat' dir='ltr'>inter</span> <span class='ocrx_word' id='word_1_81' title='bbox 534 1504 564 1545; x_wconf 88' lang='lat' dir='ltr'>se</span> <span class='ocrx_word' id='word_1_82' title='bbox 591 1485 668 1544; x_wconf 90' lang='lat' dir='ltr'>mala</span> <span class='ocrx_word' id='word_1_83' title='bbox 694 1485 852 1560; x_wconf 81' lang='lat' dir='ltr'>servitutis,</span> <span class='ocrx_word' id='word_1_84' title='bbox 882 1481 1011 1544; x_wconf 79' lang='lat' dir='ltr'>conferre</span> 
     </span>
     <span class='ocr_line' id='line_1_14' title="bbox 121 1565 1011 1664; baseline -0.002 -22"><span class='ocrx_word' id='word_1_85' title='bbox 121 1585 245 1642; x_wconf 89' lang='lat' dir='ltr'>iniurias</span> <span class='ocrx_word' id='word_1_86' title='bbox 276 1591 307 1643; x_wconf 89' lang='lat' dir='ltr'>et</span> <span class='ocrx_word' id='word_1_87' title='bbox 341 1565 560 1664; x_wconf 86' lang='lat' dir='ltr'>interpretando</span> <span class='ocrx_word' id='word_1_88' title='bbox 590 1584 754 1642; x_wconf 88' lang='lat' dir='ltr'>accendere.</span> <span class='ocrx_word' id='word_1_89' title='bbox 795 1583 880 1641; x_wconf 87' lang='lat' dir='ltr'>Nihil</span> <span class='ocrx_word' id='word_1_90' title='bbox 910 1581 1011 1660; x_wconf 90' lang='lat' dir='ltr'>profici</span> 
     </span>
     <span class='ocr_line' id='line_1_15' title="bbox 121 1679 1011 1759; baseline -0.001 -21"><span class='ocrx_word' id='word_1_91' title='bbox 121 1681 272 1758; x_wconf 89' lang='lat' dir='ltr'>patientia,</span> <span class='ocrx_word' id='word_1_92' title='bbox 287 1681 344 1739; x_wconf 89' lang='lat' dir='ltr'>nisi</span> <span class='ocrx_word' id='word_1_93' title='bbox 360 1688 395 1739; x_wconf 91' lang='lat' dir='ltr'>ut</span> <span class='ocrx_word' id='word_1_94' title='bbox 410 1681 543 1758; x_wconf 85' lang='lat' dir='ltr'>graviora</span> <span class='ocrx_word' id='word_1_95' title='bbox 559 1687 710 1759; x_wconf 87' lang='lat' dir='ltr'>tamquam</span> <span class='ocrx_word' id='word_1_96' title='bbox 731 1701 768 1739; x_wconf 86' lang='lat' dir='ltr'>ex</span> <span class='ocrx_word' id='word_1_97' title='bbox 786 1679 867 1738; x_wconf 83' lang='lat' dir='ltr'>facili</span> <span class='ocrx_word' id='word_1_98' title='bbox 886 1680 1011 1738; x_wconf 85' lang='lat' dir='ltr'>toleran-</span> 
     </span>
     <span class='ocr_line' id='line_1_16' title="bbox 120 1776 1008 1858; baseline 0.005 -24"><span class='ocrx_word' id='word_1_99' title='bbox 120 1776 201 1835; x_wconf 84' lang='lat' dir='ltr'>tibus</span> <span class='ocrx_word' id='word_1_100' title='bbox 226 1777 413 1856; x_wconf 83' lang='lat' dir='ltr'>imperentur.</span> <span class='ocrx_word' id='word_1_101' title='bbox 457 1779 592 1858; x_wconf 81' lang='lat' dir='ltr'>Singulos</span> <span class='ocrx_word' id='word_1_102' title='bbox 619 1781 676 1838; x_wconf 89' lang='lat' dir='ltr'>sibi</span> <span class='ocrx_word' id='word_1_103' title='bbox 702 1781 772 1838; x_wconf 91' lang='lat' dir='ltr'>olim</span> <span class='ocrx_word' id='word_1_104' title='bbox 802 1797 883 1857; x_wconf 81' lang='lat' dir='ltr'>reges</span> <span class='ocrx_word' id='word_1_105' title='bbox 911 1781 1008 1854; x_wconf 83' lang='lat' dir='ltr'>fuisse,</span> 
     </span>
     <span class='ocr_line' id='line_1_17' title="bbox 121 1875 1009 1957; baseline 0.003 -26"><span class='ocrx_word' id='word_1_106' title='bbox 121 1893 200 1932; x_wconf 92' lang='lat' dir='ltr'>nunc</span> <span class='ocrx_word' id='word_1_107' title='bbox 223 1875 306 1934; x_wconf 90' lang='lat' dir='ltr'>binos</span> <span class='ocrx_word' id='word_1_108' title='bbox 329 1875 448 1957; x_wconf 90' lang='lat' dir='ltr'>imponi,</span> <span class='ocrx_word' id='word_1_109' title='bbox 474 1897 490 1935; x_wconf 93' lang='lat' dir='ltr'>e</span> <span class='ocrx_word' id='word_1_110' title='bbox 514 1877 620 1954; x_wconf 90' lang='lat' dir='ltr'>quibus</span> <span class='ocrx_word' id='word_1_111' title='bbox 642 1878 755 1955; x_wconf 84' lang='lat' dir='ltr'>legatus</span> <span class='ocrx_word' id='word_1_112' title='bbox 778 1879 810 1935; x_wconf 93' lang='lat' dir='ltr'>in</span> <span class='ocrx_word' id='word_1_113' title='bbox 831 1875 1009 1953; x_wconf 79' lang='lat' dir='ltr'>sanguinem,</span> 
     </span>
     <span class='ocr_line' id='line_1_18' title="bbox 121 1974 1011 2053; baseline 0.004 -24"><span class='ocrx_word' id='word_1_114' title='bbox 121 1978 290 2050; x_wconf 74' lang='lat' dir='ltr'>procruator</span> <span class='ocrx_word' id='word_1_115' title='bbox 302 1974 334 2032; x_wconf 90' lang='lat' dir='ltr'>in</span> <span class='ocrx_word' id='word_1_116' title='bbox 350 1974 427 2032; x_wconf 90' lang='lat' dir='ltr'>bona</span> <span class='ocrx_word' id='word_1_117' title='bbox 443 1976 573 2036; x_wconf 83' lang='lat' dir='ltr'>saeviret.</span> <span class='ocrx_word' id='word_1_118' title='bbox 616 1975 720 2053; x_wconf 85' lang='lat' dir='ltr'>Aeque</span> <span class='ocrx_word' id='word_1_119' title='bbox 740 1976 912 2034; x_wconf 85' lang='lat' dir='ltr'>discordiam</span> <span class='ocrx_word' id='word_1_120' title='bbox 931 1993 1011 2052; x_wconf 70' lang='lat' dir='ltr'>praa</span> 
     </span>
     <span class='ocr_line' id='line_1_19' title="bbox 120 2070 1008 2148; baseline 0.002 -22"><span class='ocrx_word' id='word_1_121' title='bbox 120 2070 290 2146; x_wconf 79' lang='lat' dir='ltr'>positorum,</span> <span class='ocrx_word' id='word_1_122' title='bbox 324 2088 415 2148; x_wconf 85' lang='lat' dir='ltr'>aeque</span> <span class='ocrx_word' id='word_1_123' title='bbox 452 2071 630 2129; x_wconf 87' lang='lat' dir='ltr'>concordiam</span> <span class='ocrx_word' id='word_1_124' title='bbox 670 2071 806 2130; x_wconf 83' lang='lat' dir='ltr'>subiectis</span> <span class='ocrx_word' id='word_1_125' title='bbox 841 2072 1008 2146; x_wconf 81' lang='lat' dir='ltr'>exitiosam3</span> 
     </span>
     <span class='ocr_line' id='line_1_20' title="bbox 120 2163 1010 2238; baseline 0.004 -17"><span class='ocrx_word' id='word_1_126' title='bbox 120 2163 240 2222; x_wconf 87' lang='lat' dir='ltr'>alterius</span> <span class='ocrx_word' id='word_1_127' title='bbox 263 2184 390 2237; x_wconf 91' lang='lat' dir='ltr'>manum,</span> <span class='ocrx_word' id='word_1_128' title='bbox 414 2167 604 2238; x_wconf 86' lang='lat' dir='ltr'>centuriones,</span> <span class='ocrx_word' id='word_1_129' title='bbox 628 2167 749 2225; x_wconf 89' lang='lat' dir='ltr'>alterius</span> <span class='ocrx_word' id='word_1_130' title='bbox 775 2184 872 2226; x_wconf 81' lang='lat' dir='ltr'>servos</span> <span class='ocrx_word' id='word_1_131' title='bbox 894 2166 956 2223; x_wconf 80' lang='lat' dir='ltr'>vim</span> <span class='ocrx_word' id='word_1_132' title='bbox 979 2172 1010 2225; x_wconf 91' lang='lat' dir='ltr'>et</span> 
     </span>
     <span class='ocr_line' id='line_1_21' title="bbox 120 2261 1010 2341; baseline 0.006 -23"><span class='ocrx_word' id='word_1_133' title='bbox 120 2261 309 2320; x_wconf 83' lang='lat' dir='ltr'>contumelias</span> <span class='ocrx_word' id='word_1_134' title='bbox 345 2264 471 2323; x_wconf 88' lang='lat' dir='ltr'>miseere.</span> <span class='ocrx_word' id='word_1_135' title='bbox 514 2262 601 2322; x_wconf 89' lang='lat' dir='ltr'>Nihil</span> <span class='ocrx_word' id='word_1_136' title='bbox 637 2264 695 2322; x_wconf 90' lang='lat' dir='ltr'>iam</span> <span class='ocrx_word' id='word_1_137' title='bbox 730 2265 893 2341; x_wconf 85' lang='lat' dir='ltr'>cupiditati,</span> <span class='ocrx_word' id='word_1_138' title='bbox 934 2265 1010 2323; x_wconf 90' lang='lat' dir='ltr'>nihil</span> 
     </span>
     <span class='ocr_line' id='line_1_22' title="bbox 120 2359 1010 2440; baseline 0.002 -23"><span class='ocrx_word' id='word_1_139' title='bbox 120 2359 238 2418; x_wconf 85' lang='lat' dir='ltr'>libidini</span> <span class='ocrx_word' id='word_1_140' title='bbox 264 2368 423 2439; x_wconf 70' lang='lat' dir='ltr'>exceptiun.</span> <span class='ocrx_word' id='word_1_141' title='bbox 466 2362 506 2420; x_wconf 93' lang='lat' dir='ltr'>In</span> <span class='ocrx_word' id='word_1_142' title='bbox 535 2361 645 2440; x_wconf 92' lang='lat' dir='ltr'>proelio</span> <span class='ocrx_word' id='word_1_143' title='bbox 673 2361 823 2420; x_wconf 84' lang='lat' dir='ltr'>fortiorem</span> <span class='ocrx_word' id='word_1_144' title='bbox 854 2379 922 2434; x_wconf 86' lang='lat' dir='ltr'>esse,</span> <span class='ocrx_word' id='word_1_145' title='bbox 958 2361 1010 2439; x_wconf 89' lang='lat' dir='ltr'>qui</span> 
     </span>
     <span class='ocr_line' id='line_1_23' title="bbox 120 2452 1010 2535; baseline 0.001 -22"><span class='ocrx_word' id='word_1_146' title='bbox 120 2452 239 2533; x_wconf 87' lang='lat' dir='ltr'>spoliet;</span> <span class='ocrx_word' id='word_1_147' title='bbox 271 2476 350 2515; x_wconf 90' lang='lat' dir='ltr'>nunc</span> <span class='ocrx_word' id='word_1_148' title='bbox 381 2459 418 2516; x_wconf 91' lang='lat' dir='ltr'>ab</span> <span class='ocrx_word' id='word_1_149' title='bbox 447 2457 562 2535; x_wconf 84' lang='lat' dir='ltr'>ignavis</span> <span class='ocrx_word' id='word_1_150' title='bbox 590 2457 762 2535; x_wconf 87' lang='lat' dir='ltr'>plerumque</span> <span class='ocrx_word' id='word_1_151' title='bbox 789 2462 819 2516; x_wconf 91' lang='lat' dir='ltr'>et</span> <span class='ocrx_word' id='word_1_152' title='bbox 844 2457 1010 2514; x_wconf 89' lang='lat' dir='ltr'>imbellibus</span> 
     </span>
     <span class='ocr_line' id='line_1_24' title="bbox 120 2551 1010 2630; baseline 0.002 -22"><span class='ocrx_word' id='word_1_153' title='bbox 120 2552 195 2629; x_wconf 91' lang='lat' dir='ltr'>eripi</span> <span class='ocrx_word' id='word_1_154' title='bbox 218 2551 325 2621; x_wconf 87' lang='lat' dir='ltr'>domos,</span> <span class='ocrx_word' id='word_1_155' title='bbox 349 2553 480 2611; x_wconf 86' lang='lat' dir='ltr'>abstrahi</span> <span class='ocrx_word' id='word_1_156' title='bbox 505 2553 617 2626; x_wconf 88' lang='lat' dir='ltr'>liberos,</span> <span class='ocrx_word' id='word_1_157' title='bbox 641 2553 755 2630; x_wconf 87' lang='lat' dir='ltr'>iniungi</span> <span class='ocrx_word' id='word_1_158' title='bbox 779 2553 915 2623; x_wconf 88' lang='lat' dir='ltr'>delectus,</span> <span class='ocrx_word' id='word_1_159' title='bbox 938 2558 1010 2610; x_wconf 84' lang='lat' dir='ltr'>tarn·</span> 
     </span>
     <span class='ocr_line' id='line_1_25' title="bbox 120 2649 1009 2729; baseline -0.002 -21"><span class='ocrx_word' id='word_1_160' title='bbox 120 2669 210 2727; x_wconf 90' lang='lat' dir='ltr'>quam</span> <span class='ocrx_word' id='word_1_161' title='bbox 225 2652 300 2708; x_wconf 92' lang='lat' dir='ltr'>mori</span> <span class='ocrx_word' id='word_1_162' title='bbox 315 2657 434 2709; x_wconf 89' lang='lat' dir='ltr'>tantum</span> <span class='ocrx_word' id='word_1_163' title='bbox 446 2670 499 2729; x_wconf 94' lang='lat' dir='ltr'>pro</span> <span class='ocrx_word' id='word_1_164' title='bbox 513 2651 609 2729; x_wconf 86' lang='lat' dir='ltr'>patria</span> <span class='ocrx_word' id='word_1_165' title='bbox 628 2650 833 2709; x_wconf 89' lang='lat' dir='ltr'>nescientibus.</span> <span class='ocrx_word' id='word_1_166' title='bbox 878 2649 1009 2718; x_wconf 83' lang='lat' dir='ltr'>Quantu-</span> 
     </span>
     <span class='ocr_line' id='line_1_26' title="bbox 120 2747 1008 2819; baseline 0.001 -13"><span class='ocrx_word' id='word_1_167' title='bbox 120 2747 182 2806; x_wconf 87' lang='lat' dir='ltr'>lum</span> <span class='ocrx_word' id='word_1_168' title='bbox 195 2750 273 2807; x_wconf 91' lang='lat' dir='ltr'>enim</span> <span class='ocrx_word' id='word_1_169' title='bbox 281 2750 417 2808; x_wconf 85' lang='lat' dir='ltr'>transisse</span> <span class='ocrx_word' id='word_1_170' title='bbox 428 2749 566 2819; x_wconf 88' lang='lat' dir='ltr'>militum,</span> <span class='ocrx_word' id='word_1_171' title='bbox 576 2750 602 2807; x_wconf 89' lang='lat' dir='ltr'>si</span> <span class='ocrx_word' id='word_1_172' title='bbox 615 2769 676 2808; x_wconf 85' lang='lat' dir='ltr'>sesa</span> <span class='ocrx_word' id='word_1_173' title='bbox 685 2749 822 2807; x_wconf 73' lang='lat' dir='ltr'>Britanni</span> <span class='ocrx_word' id='word_1_174' title='bbox 831 2749 1008 2807; x_wconf 80' lang='lat' dir='ltr'>numeranti</span> 
     </span>
     <span class='ocr_line' id='line_1_27' title="bbox 121 2843 1010 2922; baseline -0.002 -20"><span class='ocrx_word' id='word_1_175' title='bbox 121 2843 169 2902; x_wconf 86' lang='lat' dir='ltr'>Sic</span> <span class='ocrx_word' id='word_1_176' title='bbox 180 2845 350 2903; x_wconf 81' lang='lat' dir='ltr'>Germanias</span> <span class='ocrx_word' id='word_1_177' title='bbox 364 2845 523 2904; x_wconf 87' lang='lat' dir='ltr'>excussisse</span> <span class='ocrx_word' id='word_1_178' title='bbox 536 2845 646 2922; x_wconf 86' lang='lat' dir='ltr'>iugum,</span> <span class='ocrx_word' id='word_1_179' title='bbox 656 2849 686 2903; x_wconf 94' lang='lat' dir='ltr'>et</span> <span class='ocrx_word' id='word_1_180' title='bbox 695 2845 823 2916; x_wconf 87' lang='lat' dir='ltr'>flumine,</span> <span class='ocrx_word' id='word_1_181' title='bbox 835 2863 895 2901; x_wconf 93' lang='lat' dir='ltr'>non</span> <span class='ocrx_word' id='word_1_182' title='bbox 904 2863 1010 2902; x_wconf 86' lang='lat' dir='ltr'>oceano</span> 
     </span>
     <span class='ocr_line' id='line_1_28' title="bbox 120 2937 1011 3024; baseline -0.003 -26"><span class='ocrx_word' id='word_1_183' title='bbox 120 2941 238 3024; x_wconf 87' lang='lat' dir='ltr'>defendi</span> <span class='ocrx_word' id='word_1_184' title='bbox 244 2962 253 3014; x_wconf 79' lang='lat'>3</span> <span class='ocrx_word' id='word_1_185' title='bbox 281 2941 338 2998; x_wconf 88' lang='lat' dir='ltr'>sibi</span> <span class='ocrx_word' id='word_1_186' title='bbox 360 2941 493 3018; x_wconf 84' lang='lat' dir='ltr'>patriam,</span> <span class='ocrx_word' id='word_1_187' title='bbox 517 2942 660 3017; x_wconf 85' lang='lat' dir='ltr'>coniuges,</span> <span class='ocrx_word' id='word_1_188' title='bbox 685 2945 826 3018; x_wconf 84' lang='lat' dir='ltr'>parentes,</span> <span class='ocrx_word' id='word_1_189' title='bbox 846 2939 906 2997; x_wconf 88' lang='lat' dir='ltr'>illis</span> <span class='ocrx_word' id='word_1_190' title='bbox 920 2937 1011 2996; x_wconf 83' lang='lat' dir='ltr'>avari-</span> 
     </span>
     <span class='ocr_line' id='line_1_29' title="bbox 120 3035 1011 3106; baseline -0.004 -12"><span class='ocrx_word' id='word_1_191' title='bbox 120 3037 194 3094; x_wconf 86' lang='lat' dir='ltr'>tiam</span> <span class='ocrx_word' id='word_1_192' title='bbox 214 3043 245 3094; x_wconf 88' lang='lat' dir='ltr'>et</span> <span class='ocrx_word' id='word_1_193' title='bbox 265 3036 413 3096; x_wconf 76' lang='lat' dir='ltr'>luxudam</span> <span class='ocrx_word' id='word_1_194' title='bbox 433 3057 545 3096; x_wconf 87' lang='lat' dir='ltr'>caussas</span> <span class='ocrx_word' id='word_1_195' title='bbox 568 3037 638 3096; x_wconf 92' lang='lat' dir='ltr'>belli</span> <span class='ocrx_word' id='word_1_196' title='bbox 662 3055 729 3096; x_wconf 90' lang='lat' dir='ltr'>esse.</span> <span class='ocrx_word' id='word_1_197' title='bbox 772 3035 953 3106; x_wconf 86' lang='lat' dir='ltr'>Recessuros,</span> <span class='ocrx_word' id='word_1_198' title='bbox 976 3038 1011 3091; x_wconf 94' lang='lat' dir='ltr'>ut</span> 
     </span>
     <span class='ocr_line' id='line_1_30' title="bbox 121 3133 1010 3204; baseline -0.008 -10"><span class='ocrx_word' id='word_1_199' title='bbox 121 3135 209 3194; x_wconf 80' lang='lat' dir='ltr'>divus</span> <span class='ocrx_word' id='word_1_200' title='bbox 243 3135 340 3194; x_wconf 88' lang='lat' dir='ltr'>Iulius</span> <span class='ocrx_word' id='word_1_201' title='bbox 372 3137 541 3204; x_wconf 88' lang='lat' dir='ltr'>recessisset,</span> <span class='ocrx_word' id='word_1_202' title='bbox 575 3135 660 3193; x_wconf 91' lang='lat' dir='ltr'>modo</span> <span class='ocrx_word' id='word_1_203' title='bbox 694 3137 835 3192; x_wconf 82' lang='lat' dir='ltr'>virtutem</span> <span class='ocrx_word' id='word_1_204' title='bbox 868 3133 1010 3190; x_wconf 88' lang='lat' dir='ltr'>maiorum</span> 
     </span>
    </p>
   </div>
   <div class='ocr_carea' id='block_1_2' title="bbox 20 3228 1011 3310">
    <p class='ocr_par' dir='ltr' id='par_1_2' title="bbox 20 3228 1011 3310">
     <span class='ocr_line' id='line_1_31' title="bbox 20 3228 1011 3310; baseline -0.01 -16"><span class='ocrx_word' id='word_1_205' title='bbox 20 3253 21 3262; x_wconf 58' lang='lat'>¹</span> <span class='ocrx_word' id='word_1_206' title='bbox 120 3253 243 3293; x_wconf 88' lang='lat' dir='ltr'>suorum</span> <span class='ocrx_word' id='word_1_207' title='bbox 256 3233 478 3292; x_wconf 87' lang='lat' dir='ltr'>aemularentur.</span> <span class='ocrx_word' id='word_1_208' title='bbox 511 3232 595 3292; x_wconf 83' lang='lat' dir='ltr'>Neve</span> <span class='ocrx_word' id='word_1_209' title='bbox 608 3232 711 3310; x_wconf 91' lang='lat' dir='ltr'>proelii</span> <span class='ocrx_word' id='word_1_210' title='bbox 725 3232 812 3289; x_wconf 87' lang='lat' dir='ltr'>unius</span> <span class='ocrx_word' id='word_1_211' title='bbox 826 3235 878 3288; x_wconf 92' lang='lat' dir='ltr'>aut</span> <span class='ocrx_word' id='word_1_212' title='bbox 891 3228 1011 3287; x_wconf 86' lang='lat' dir='ltr'>alterius</span> 
     </span>
    </p>
   </div>
   <div class='ocr_carea' id='block_1_3' title="bbox 122 3328 1011 3602">
    <p class='ocr_par' dir='ltr' id='par_1_3' title="bbox 122 3328 1011 3602">
     <span class='ocr_line' id='line_1_32' title="bbox 122 3328 1011 3409; baseline -0.008 -20"><span class='ocrx_word' id='word_1_213' title='bbox 122 3338 232 3389; x_wconf 89' lang='lat' dir='ltr'>eventu</span> <span class='ocrx_word' id='word_1_214' title='bbox 260 3337 460 3409; x_wconf 82' lang='lat' dir='ltr'>pavescerent;</span> <span class='ocrx_word' id='word_1_215' title='bbox 499 3329 565 3407; x_wconf 89' lang='lat' dir='ltr'>plus</span> <span class='ocrx_word' id='word_1_216' title='bbox 604 3331 739 3407; x_wconf 89' lang='lat' dir='ltr'>impetus,</span> <span class='ocrx_word' id='word_1_217' title='bbox 776 3328 913 3386; x_wconf 91' lang='lat' dir='ltr'>maiorem</span> <span class='ocrx_word' id='word_1_218' title='bbox 948 3343 1011 3383; x_wconf 91' lang='lat' dir='ltr'>con-</span> 
     </span>
     <span class='ocr_line' id='line_1_33' title="bbox 122 3421 1008 3504; baseline -0.009 -20"><span class='ocrx_word' id='word_1_219' title='bbox 122 3427 263 3484; x_wconf 86' lang='lat' dir='ltr'>stantiam</span> <span class='ocrx_word' id='word_1_220' title='bbox 276 3445 364 3504; x_wconf 91' lang='lat' dir='ltr'>penes</span> <span class='ocrx_word' id='word_1_221' title='bbox 377 3427 496 3485; x_wconf 87' lang='lat' dir='ltr'>miseros</span> <span class='ocrx_word' id='word_1_222' title='bbox 509 3445 577 3484; x_wconf 89' lang='lat' dir='ltr'>esse.</span> <span class='ocrx_word' id='word_1_223' title='bbox 619 3427 684 3484; x_wconf 84' lang='lat' dir='ltr'>iam</span> <span class='ocrx_word' id='word_1_224' title='bbox 698 3425 905 3482; x_wconf 88' lang='lat' dir='ltr'>Britannorum</span> <span class='ocrx_word' id='word_1_225' title='bbox 924 3421 1008 3479; x_wconf 88' lang='lat' dir='ltr'>etiam</span> 
     </span>
     <span class='ocr_line' id='line_1_34' title="bbox 122 3516 1010 3602; baseline -0.012 -19"><span class='ocrx_word' id='word_1_226' title='bbox 122 3522 193 3582; x_wconf 88' lang='lat' dir='ltr'>deos</span> <span class='ocrx_word' id='word_1_227' title='bbox 214 3523 353 3597; x_wconf 89' lang='lat' dir='ltr'>misereri,</span> <span class='ocrx_word' id='word_1_228' title='bbox 382 3524 433 3602; x_wconf 93' lang='lat' dir='ltr'>qui</span> <span class='ocrx_word' id='word_1_229' title='bbox 460 3523 627 3582; x_wconf 79' lang='lat' dir='ltr'>Romanuin</span> <span class='ocrx_word' id='word_1_230' title='bbox 653 3521 756 3580; x_wconf 88' lang='lat' dir='ltr'>ducem</span> <span class='ocrx_word' id='word_1_231' title='bbox 779 3521 936 3585; x_wconf 83' lang='lat' dir='ltr'>absentem,</span> <span class='ocrx_word' id='word_1_232' title='bbox 959 3516 1010 3591; x_wconf 89' lang='lat' dir='ltr'>qui</span> 
     </span>
    </p>
   </div>
   <div class='ocr_carea' id='block_1_4' title="bbox 0 0 1200 3782">
    <p class='ocr_par' dir='ltr' id='par_1_4' title="bbox 0 0 1200 3782">
     <span class='ocr_line' id='line_1_35' title="bbox 0 0 1200 3782; baseline 0 0"><span class='ocrx_word' id='word_1_233' title='bbox 0 0 1200 3782; x_wconf 95' lang='lat' dir='ltr'> </span> 
     </span>
    </p>
   </div>
  </div>
 </body>
</html>
