2406 3782
175 281 210 342 lo
360 319 362 325 ι
430 277 632 340 CORNELII
659 275 802 338 reem

211 407 382 468 3100οΜ
394 408 488 466 Mosiee
528 408 610 468 Some
620 407 659 482 ef
665 407 736 467 illese
749 406 786 483 of
800 406 934 481 dautem
945 407 1059 466 miore

211 496 292 571 elitp.
336 495 394 554 I'lee
407 495 531 555 Bauer:
564 493 749 554 Iolmbilems
763 494 800 570 ef
811 493 855 552 tlte
869 493 1058 566 Tillo-laede.

231 598 393 660 XXVIII.
434 599 601 660 Validiores
627 599 698 657 olim
722 599 873 659 Gallorum
899 617 945 658 res
971 598 1060 660 fuisso

172 717 311 759 summus¹
323 704 425 758 euetor
445 698 532 758 divus
553 698 650 756 Iulius
672 698 765 756 trudit
774 719 784 772 3
812 716 903 774 eoque
921 697 1061 758 credibile

171 787 217 856 est
230 797 319 858 etiem
339 795 440 854 eules
457 797 490 854 in
512 795 699 855 Germaniam
719 801 920 872 transgressos.
961 793 1060 864 Quen-

172 893 270 954 tulum
289 892 368 950 enim
388 891 482 951 amnis
502 892 643 960 obstabat,
664 911 722 968 que
745 892 850 964 minus,
873 896 908 948 ut
929 907 1061 968 quaeque

172 1011 243 1068 gene
269 990 426 1063 emineret,
447 994 607 1066 oeeupuret
632 993 869 1066 permutaretque
891 987 973 1046 sedes
993 1006 1061 1068 pue·

173 1089 297 1148 miscuas
322 1085 418 1145 edhue
442 1093 472 1154 et
494 1087 577 1145 nulle
599 1105 756 1164 regnorum
777 1086 910 1165 potentie
930 1086 1060 1150 divisast

174 1187 272 1264 Igitur
284 1187 363 1244 inter
381 1183 563 1263 Hereynism
583 1186 695 1263 sylvam
715 1186 911 1263 Rhenumque
931 1190 962 1245 et
979 1183 1062 1245 Mee-

173 1305 246 1345 num
265 1302 365 1345 emnes
385 1283 526 1358 Helvetii,
548 1285 689 1343 ulteriore
708 1284 782 1356 Boii,
806 1283 917 1343 Gallice
936 1289 1062 1366 utreque

173 1385 393 1458 genutenuere.
437 1379 542 1439 Manet
558 1379 653 1438 adhue
671 1380 806 1439 Beihemi
823 1399 938 1452 nomen,
952 1380 1062 1458 signet·

174 1496 231 1555 que
257 1476 313 1536 leei
335 1482 464 1535 veterem
490 1477 666 1550 memoriam,
696 1478 829 1556 quemvis
854 1477 976 1538 mutetis
1002 1479 1062 1539 eul-

173 1576 293 1636 toribus,
336 1575 394 1635 Sed
412 1581 513 1634 utrum
531 1577 667 1635 Aravisci
684 1577 717 1635 in
734 1576 918 1635 Pannoniam
933 1577 970 1634 ab
985 1576 1059 1650 Oris,

175 1673 386 1732 Germanorum
403 1673 528 1747 natione,
548 1693 587 1731 en
605 1673 658 1733 Osi
674 1673 712 1733 eb
729 1673 880 1732 Araviscis
895 1674 928 1732 in
944 1673 1061 1733 Germe·

173 1773 254 1832 niem
276 1773 536 1850 commigraverint,
562 1793 655 1851 quum
681 1775 782 1833 eedem
802 1774 897 1832 adhue
919 1792 1057 1846 sermone,

173 1867 327 1941 institutis,
351 1869 481 1928 moribus
504 1875 634 1942 utentur,
660 1871 805 1930 inoertum
827 1876 879 1944 est,
905 1870 975 1946 quis
996 1869 1061 1946 peri

174 1965 245 2025 olim
263 1965 362 2044 inopie
381 1985 415 2025 eo
434 1966 571 2026 libertate
591 1968 692 2027 eedem
711 1968 865 2044 utriusque
877 1966 965 2044 ripae
984 1967 1061 2025 bone

174 2065 307 2142 maleque
320 2071 410 2124 erent
453 2065 573 2124 Treveri
590 2072 621 2124 et
638 2066 746 2125 Nervii
758 2067 834 2124 eires
846 2065 1061 2124 affectationem

174 2160 364 2220 Germanieee
377 2161 496 2238 originis
508 2162 588 2223 ultro
601 2163 748 2221 ambitiosi
760 2168 838 2236 sunt,
849 2167 999 2238 temquem
1008 2180 1061 2237 per

172 2256 249 2318 hune
268 2257 390 2333 gloriam
406 2258 556 2336 sanguinis
574 2277 593 2316 e
610 2258 802 2317 similitudine
821 2264 851 2317 et
868 2257 976 2315 inertie
994 2256 1061 2314 Gal*

173 2354 270 2415 lerum
291 2361 470 2432 separentur.
513 2356 613 2433 Ipsum
635 2355 735 2414 Rheni
755 2355 849 2432 ripem
869 2353 949 2412 haud
972 2353 1061 2413 dubie

171 2453 386 2522 Germeuorum
406 2453 507 2532 populi
527 2454 634 2528 colunt,
655 2453 833 2530 Vangiones,
855 2451 979 2539 Triboci,
1002 2452 1062 2510 Ne·

174 2557 272 2610 metes.
314 2551 364 2610 Ne
377 2551 453 2612 Ubii
465 2551 593 2630 quidem,
609 2569 786 2629 quemquem
800 2549 935 2608 Romane
948 2550 1062 2609 eolenie

172 2665 235 2706 esse
254 2648 422 2721 meruerint,
443 2667 476 2706 ee
496 2647 635 2707 libentius
654 2646 885 2725 Agrippinenses
904 2645 1061 2706 conditoris

172 2747 220 2805 sui
237 2747 356 2804 nomine
375 2751 525 2818 voeentur,
547 2745 658 2822 origine
679 2745 863 2816 erubeseunt,
889 2744 1061 2820 bensgressi

173 2843 244 2910 olim
267 2849 298 2901 et
319 2842 518 2922 experimento
538 2840 607 2900 fidei
627 2861 714 2919 super
732 2843 827 2920 ipeem
847 2841 946 2900 Rheni
966 2842 1061 2920 ripum

173 2941 305 3000 eolleeeti
316 2947 353 3000 ut
365 2945 503 3013 arcerent,
518 2959 578 2998 non
591 2945 627 2998 ut
639 2939 861 2998 custodirentur.
1044 2981 1046 2984 -

230 3027 356 3098 XXIX.
400 3036 540 3096 Omnium
560 3037 665 3095 herum
687 3036 821 3117 gentium
845 3035 958 3094 virtute
980 3054 1061 3112 prae·

172 3135 252 3215 eipui
265 3134 374 3194 Batavi
385 3153 447 3194 non
458 3135 593 3193 'multum
611 3153 650 3193 ex
667 3134 732 3211 ripe
749 3133 798 3192 sed
818 3131 945 3190 insulem
962 3131 1062 3190 Rheni

172 3233 268 3293 amnis
291 3233 398 3306 eolumt,
425 3231 600 3291 Chattorum
620 3229 767 3308 quondam
786 3228 918 3306 populus,
941 3234 972 3286 et
990 3228 1063 3286 sedi-

173 3333 254 3390 tione
275 3329 435 3390 domeetiee
454 3329 488 3390 in
511 3345 560 3388 eas
578 3328 660 3393 sedes
678 3333 882 3405 transgressus,
904 3327 937 3384 in
956 3325 1063 3404 quibus

173 3446 241 3507 pers
261 3426 389 3485 Romani
410 3425 527 3503 imperii
546 3425 657 3486 fierent
700 3424 806 3482 Manet
824 3423 916 3482 honos
935 3427 967 3480 et
986 3422 1063 3479 enti·

174 3543 249 3604 quae
271 3523 416 3583 societatis
441 3523 563 3601 insigne
606 3522 686 3581 Nem
712 3540 766 3580 nec
792 3521 912 3580 tributis
935 3525 1063 3580 oontem-
