2390 3782
194 251 229 312 14
443 245 648 310 CORNELII
672 246 815 308 raom

191 378 348 454 tractisque
371 377 518 454 legionum
547 377 663 435 vexillis
695 383 725 435 et
757 378 869 436 modica
900 379 1074 440 auxiliorum

191 494 286 546 manu,
309 474 378 551 quia
400 475 433 530 in
451 493 576 550 aequum
596 473 712 548 degredi
733 472 889 532 Ordovices
910 493 970 532 non
991 475 1073 534 aude·

190 572 270 643 bant,
287 572 349 649 ipse
366 576 434 628 ente
451 587 564 646 agniona
583 589 641 647 que
660 571 762 632 ceteris
782 589 835 646 per
854 571 970 634 munius
989 571 1075 635 simili
1184 571 1185 580 ’

190 667 317 748 periculo
330 672 412 738 esset,
427 665 522 726 erexit
535 667 632 727 aciem
679 666 826 743 Caesaque
839 687 928 744 prope
941 669 1074 728 universa
1184 663 1185 712 ἶ

189 769 283 842 gente,
297 783 357 824 non
372 764 490 838 ignarus
505 764 675 826 instandum
691 765 792 836 famae,
815 785 856 838 ac,
875 773 963 845 prout
983 768 1074 844 prima

190 861 349 930 cessissent,
378 865 520 920 terrorem
549 860 651 920 ceteris
681 860 750 932 fore,
786 861 907 924 Monam
939 844 1072 938 insulani,

190 959 272 1018 cuius
284 956 460 1034 possessione
474 963 639 1016 revocatum
650 957 808 1020 Paulinum
818 961 975 1022 rebellione
985 963 1074 1024 totius

190 1057 360 1120 Britanniae
381 1075 469 1134 supra
489 1057 656 1130 memoravi,
683 1057 813 1138 redigere
841 1059 874 1119 in
903 1066 1074 1136 potestatem

189 1155 286 1215 animo
312 1153 447 1214 intendit
490 1153 555 1224 Sed,
584 1159 619 1212 ut
644 1153 675 1212 in
702 1154 800 1212 dubiis
826 1155 961 1226 consiliis,
987 1175 1074 1217 naves

189 1251 323 1323 deerant;
348 1250 424 1310 ratio
451 1254 482 1308 et
508 1251 672 1310 constantia
697 1250 778 1310 ducis
804 1254 975 1313 transvexit.
994 1306 998 1312 .
1018 1254 1074 1314 De·

188 1347 290 1425 positis
303 1346 436 1407 omuibus
449 1345 568 1406 sarcinis
581 1345 752 1405 lectissimos
761 1346 956 1422 auxiliarium,
969 1349 1074 1425 quibus

189 1449 259 1504 nota
275 1443 350 1502 rada
371 1448 402 1504 et
419 1441 531 1520 patrius
546 1441 637 1503 nandi
654 1459 732 1514 risus,
753 1461 811 1518 quo
831 1444 919 1502 simul
939 1463 1026 1521 seque
1045 1452 1075 1505 et
1184 1471 1185 1516 1

188 1553 268 1600 arms
282 1545 312 1600 et
325 1559 413 1618 equos
425 1544 538 1616 regrmt,
553 1539 597 1596 ita
611 1545 731 1616 repente
746 1540 877 1612 immisit,
891 1545 926 1602 ut
941 1542 1075 1618 obstupe·
1184 1567 1185 1622 p

188 1636 258 1701 facti
270 1636 374 1708 hostes,
390 1636 441 1713 qui
454 1634 581 1706 classem,
597 1636 649 1712 qui
662 1654 759 1708 naves,
773 1637 825 1713 qui
838 1656 917 1694 mere
931 1643 1075 1714 exspecta-
1128 1652 1131 1658 ·

188 1733 267 1804 bant,
293 1732 369 1791 nihil
392 1733 516 1790 arduum
537 1737 590 1789 aut
609 1732 753 1790 invictum
776 1732 952 1792 crediderint
975 1735 1015 1792 sio
1037 1737 1075 1794 ad

188 1829 297 1886 bellum
310 1829 501 1908 venientibus.
545 1815 595 1887 Ita
610 1821 703 1906 petita
719 1821 788 1905 pace
808 1848 841 1886 ae
860 1830 959 1888 dedita
978 1831 1075 1890 insula

189 1924 282 1984 clamis
308 1942 341 1981 se
367 1943 489 1999 magnus
514 1922 616 1980 heberi
642 1923 788 2000 Agricola,
816 1925 924 2002 quippo
954 1927 1002 1984 cui
1031 1928 1075 1984 in-

188 2022 331 2098 gredienti
351 2022 540 2098 provinciam,
564 2019 642 2096 quod
663 2025 779 2096 tempus
801 2020 852 2078 alii
876 2039 928 2096 per
950 2027 1075 2082 ostenta

189 2119 298 2178 tionem
324 2123 354 2176 et
380 2116 539 2175 officiorum
565 2106 709 2173 ambitum
735 2114 908 2192 transigunt,
936 2117 1018 2176 labor
1044 2125 1075 2178 et

189 2215 348 2293 perieulum
387 2213 549 2290 placuisset.
600 2210 665 2269 Nee
704 2210 843 2286 Agricola
881 2215 1075 2290 prosperitate
1184 2227 1185 2304 }

188 2330 286 2370 rerum
300 2311 333 2369 in
350 2309 513 2388 venitatem
530 2326 601 2364 usus
619 2306 834 2382 expeditionem
853 2315 907 2366 aut
921 2309 1075 2369 victoriam
1184 2321 1185 2328 ’

188 2408 308 2466 vocabat
323 2407 415 2464 victos
433 2403 608 2462 continuisse
613 2423 623 2477 3
643 2423 681 2462 ne
698 2403 835 2462 laureatis
855 2406 974 2481 quidem
992 2411 1075 2482 gestu

187 2509 354 2582 prosecutus
367 2507 418 2559 est.
461 2499 520 2558 Sed
531 2500 595 2576 ipsa
608 2499 838 2558 dissimulatione
854 2500 948 2559 famae
966 2499 1075 2560 samam

175 2601 272 2678 ‘auxit
297 2597 525 2668 aestimantibus,
553 2602 665 2672 quante
691 2595 785 2654 futuri
813 2615 863 2674 spe
885 2601 947 2655 tarn
969 2616 1073 2676 magne

188 2699 331 2758 tacuisset.
391 2731 393 2734 -

246 2794 337 2855 XIX.
381 2792 518 2852 Oeterum
544 2791 708 2849 animorum
739 2789 905 2866 provinciae
935 2792 1073 2868 prudens,

188 2891 333 2966 simulque
346 2889 448 2948 doctus
464 2905 517 2964 per
529 2886 624 2946 aliena
638 2884 837 2962 experimenta
854 2904 959 2962 perum
972 2889 1074 2964 profici

187 2991 283 3061 armis,
298 2989 323 3046 si
335 2988 461 3064 injuriae
475 2988 673 3062 sequerentur,
689 3002 789 3042 causas
801 2983 945 3042 bellorum
965 2987 1074 3046 statuit

188 3085 328 3145 excidere.
368 3084 400 3143 A
419 3102 449 3141 se
469 3081 587 3158 suisque
604 3099 685 3139 orsus
705 3081 834 3156 primum
853 3081 972 3140 domum
989 3102 1075 3143 suam

187 3182 321 3253 coe'rcuit,
337 3179 416 3257 quod
428 3177 574 3256 plerisque
587 3176 666 3236 heud
679 3177 776 3235 minus
789 3177 913 3236 arduum
926 3185 970 3237 est
984 3198 1074 3256 quam

188 3277 367 3354 provinciam
380 3294 486 3352 regere.
528 3273 615 3334 Nihil
628 3274 681 3350 per
693 3272 815 3332 libertos
828 3293 982 3352 servosque
999 3279 1075 3353 pub-

187 3376 260 3433 licae
280 3375 330 3446 rei,
351 3392 412 3432 non
430 3372 534 3431 studiis
552 3371 674 3448 privatis
693 3390 747 3429 nec
765 3391 803 3429 ex
822 3374 1075 3432 commendatione
1184 3387 1185 3418 t

188 3477 240 3530 eut
253 3470 387 3548 precibus
400 3468 607 3540 centurionem,
623 3465 731 3526 milites
744 3467 842 3542 ascire,
857 3470 908 3527 sed
928 3469 1074 3551 optimum
