2390 3782
162 249 201 308 28
337 303 339 306 .
426 247 629 309 CORNELII
654 248 795 309 'I'AOITI

162 388 193 440 at
206 387 307 440 exacta
325 383 384 440 iam
399 386 508 440 aestate
526 381 623 458 spargi
638 380 748 440 bellum
763 383 910 459 nequibat,
926 383 958 440 in
975 383 1046 441 fines

162 478 350 537 Borestorum
376 478 537 536 exercitum
560 477 684 536 deducit
725 477 775 535 Ibi
798 479 921 556 acceptis
943 480 1046 541 obsidi·

162 575 223 647 bus,
250 575 396 653 praefecto
423 573 522 632 ulmeis
548 572 726 634 circumvehi
755 573 939 634 Britanniam
967 595 1046 652 pree-

161 671 239 748 oipit
282 671 376 730 Datne
389 670 426 730 ad
439 671 470 728 id
483 670 567 743 vires,
582 675 613 728 et
627 677 820 747 praecesserat
834 678 935 732 terror.
978 673 1045 750 Ipse

160 767 289 843 peditem
315 773 403 844 atque
428 767 542 844 equites
567 767 648 826 lento
674 766 786 841 itinere,
816 787 874 844 quo
901 788 1045 829 novarum

160 867 291 942 gentium
318 865 410 924 animi
435 866 497 944 ipsa
523 865 664 926 transitus
689 883 771 925 mora
797 871 984 940 terrerentur,
1011 868 1044 925 in

159 958 288 1020 hibernia
308 961 414 1020 locarit
419 979 429 1034 3
452 967 483 1020 et
501 961 589 1020 simul
609 959 706 1021 elassis
726 962 853 1035 secunda
875 967 1043 1040 tempestate

159 1075 192 1115 ao
217 1057 296 1116 fama
322 1058 527 1118 Trutulensem
549 1063 666 1136 portum
685 1059 791 1132 tenuit,
812 1059 890 1119 unde
911 1061 1043 1138 proximo

160 1152 330 1212 Britanniae
343 1154 433 1214 latere
446 1155 521 1215 lecto
534 1155 615 1215 omni
626 1154 758 1214 redierat.

218 1250 375 1311 XXXIX
417 1251 509 1314 Hunc
521 1271 620 1312 rerum
633 1271 756 1326 cursum,
769 1272 945 1332 quamquam
960 1255 1043 1314 nulla

123 1409 126 1415 ,
159 1348 313 1408 verborum
340 1349 479 1410 iactantia
505 1350 634 1428 epistolis
662 1350 817 1427 Agricolae
846 1356 972 1424 auctum,
1007 1357 1043 1411 ut

159 1446 329 1506 Domitiano
352 1448 441 1507 moris
461 1453 532 1520 erat,
553 1448 649 1506 fronte
672 1447 774 1520 laetus,
798 1453 915 1525 pectore
934 1448 1041 1507 anxius

35 1605 38 1613 ,
158 1546 279 1621 excepit.
314 1545 415 1604 Inerat
428 1545 602 1606 conscientia
615 1545 925 1622 derisuiiuissenuper
936 1546 1041 1604 falam

159 1642 342 1701 eGermania
350 1643 542 1720 triumphum,
553 1643 659 1720 emptis
668 1662 721 1720 per
730 1642 907 1710 commercia,
916 1661 1040 1719 quorum

157 1738 274 1798 habitus
288 1745 318 1798 et
334 1739 427 1798 crines
441 1740 474 1797 in
491 1740 671 1817 captivorum
689 1740 812 1818 speciem
831 1741 1039 1815 formarentur5

156 1839 188 1892 at
214 1848 292 1894 nuno
319 1854 418 1893 veram
444 1853 636 1913 magnamque
664 1836 817 1896 victoriam
845 1842 891 1894 tot
922 1837 1039 1895 milibus

156 1931 284 1990 bostium
297 1932 386 1991 eaesis
397 1932 511 2009 ingenti
523 1932 601 1991 fama
614 1932 758 1992 celebrari
793 1932 831 1991 Id
844 1931 900 1990 sibi
912 1933 1039 1990 maxime

156 2028 380 2101 formidolosum,
398 2031 506 2106 privati
524 2028 649 2088 hominis
668 2048 775 2098 nomen
794 2047 881 2104 supra
899 2028 1039 2105 principis

156 2126 253 2184 attolli
257 2145 267 2198 3
289 2126 398 2188 frustra
420 2125 517 2184 studia
539 2126 597 2184 fori
618 2132 649 2185 et
670 2124 801 2184 civilium
823 2124 931 2184 artium
953 2124 1038 2184 decus

155 2218 188 2275 in
201 2218 350 2277 silentium
363 2219 471 2292 ectasi
484 2218 638 2277 militarem
646 2218 769 2296 gloriam
781 2217 857 2275 alius
870 2229 1037 2294 occuparet3

155 2319 186 2371 et
212 2319 307 2372 cetera
332 2320 490 2393 utcumque
516 2314 630 2372 facilius
657 2314 840 2385 dissimulari,
865 2313 946 2371 ducis
969 2313 1038 2370 boni

154 2411 369 2488 imperatoriam
385 2413 526 2470 virtutem
542 2429 609 2470 essa.
650 2410 768 2468 Talibus
787 2410 864 2469 curis
884 2408 1035 2480 exereitus,

154 2511 289 2588 quodque
302 2529 402 2570 saevae
416 2509 600 2588 cogitationis
612 2508 752 2567 indicium
766 2513 837 2588 erat,
858 2512 967 2564 secreto
985 2525 1037 2564 suo

153 2608 283 2679 satiatus,
292 2608 436 2683 optimum
450 2605 654 2684 inpraesentia
664 2604 770 2662 statuit
779 2621 917 2680 reponere
927 2602 1034 2674 odium,

154 2703 244 2762 donee
263 2705 389 2781 impetus
408 2705 501 2762 famae
521 2707 552 2760 et
568 2703 652 2760 favor
669 2700 813 2758 exercitus
828 2699 1032 2774 languesceret

154 2796 232 2858 Nam
245 2800 399 2860 etiamtum
411 2797 550 2876 Agricola
563 2796 747 2855 Britanniam
760 2794 917 2854 obtinebat
990 2873 992 2878 Ι

152 2975 320 3021 xa—xavr.
352 2975 415 3020 an.
440 2959 592 3020 oza-au
618 2958 662 3017 93.
706 2955 806 3016 Reealt
830 2953 868 3032 os
886 2955 1032 3031 Agricola.

190 3048 251 3106 Hie
276 3048 338 3107 eold
366 3047 505 3124 recepticio
534 3047 570 3122 by
596 3045 640 3105 ete
670 3043 818 3121 Emperor.
861 3042 919 3102 His
945 3063 1035 3119 prom

190 3136 243 3211 inq
267 3136 439 3212 popalmity
467 3134 528 3193 aad
555 3143 722 3210 consequent
749 3133 858 3208 dorrqer
874 3131 959 3206 from
990 3132 1035 3190 tire

190 3223 353 3299 Emperffa
370 3223 513 3300 jealoucy.
558 3222 605 3280 He
631 3221 752 3280 declines
777 3241 797 3278 o
820 3219 1031 3279 Proeorrsulete.

157 3341 159 3346 .
190 3309 250 3367 Hie
262 3310 362 3378 deotb-
381 3310 419 3368 ita
431 3308 590 3384 empiricam
603 3307 836 3374 atramentarium·
856 3305 1034 3382 1111111111-

190 3405 258 3453 tane
281 3397 343 3454 aad
363 3406 391 3454 to
414 3396 444 3454 be
463 3395 581 3454 deeirecl.
625 3393 805 3469 Oorwladioq
825 3391 975 3468 reflexione
995 3412 1035 3452 oa

171 3482 330 3557 »Agricola
