<?xml version="1.0" encoding="UTF-8"?>
<!DOCTYPE html PUBLIC "-//W3C//DTD XHTML 1.0 Transitional//EN"
    "http://www.w3.org/TR/xhtml1/DTD/xhtml1-transitional.dtd">
<html xmlns="http://www.w3.org/1999/xhtml" xml:lang="en" lang="en">
 <head>
  <title>
</title>
<meta http-equiv="Content-Type" content="text/html;charset=utf-8" />
  <meta name='ocr-system' content='tesseract 3.04.00' />
  <meta name='ocr-capabilities' content='ocr_page ocr_carea ocr_par ocr_line ocrx_word'/>
</head>
<body>
  <div class='ocr_page' id='page_1' title='image "./agricolaandgerm05tacigoog_0143.png"; bbox 0 0 2406 3782; ppageno 0'>
   <div class='ocr_carea' id='block_1_1' title="bbox 200 253 832 316">
    <p class='ocr_par' dir='ltr' id='par_1_1' title="bbox 200 253 832 316">
     <span class='ocr_line' id='line_1_1' title="bbox 200 253 832 316; baseline -0.005 0"><span class='ocrx_word' id='word_1_1' title='bbox 200 254 221 316; x_wconf 77' lang='grc'>4</span> <span class='ocrx_word' id='word_1_2' title='bbox 458 253 664 316; x_wconf 80' lang='lat' dir='ltr'><em>CORNELII</em></span> <span class='ocrx_word' id='word_1_3' title='bbox 688 253 832 316; x_wconf 71' lang='lat' dir='ltr'>riom</span> 
     </span>
    </p>
   </div>
   <div class='ocr_carea' id='block_1_2' title="bbox 116 385 1092 1244">
    <p class='ocr_par' dir='ltr' id='par_1_2' title="bbox 116 385 1092 1244">
     <span class='ocr_line' id='line_1_2' title="bbox 200 385 1092 466; baseline 0 -22"><span class='ocrx_word' id='word_1_4' title='bbox 200 405 274 466; x_wconf 84' lang='lat' dir='ltr'>quac</span> <span class='ocrx_word' id='word_1_5' title='bbox 294 386 384 445; x_wconf 87' lang='lat' dir='ltr'>humo</span> <span class='ocrx_word' id='word_1_6' title='bbox 403 387 578 462; x_wconf 82' lang='lat' dir='ltr'>tinguntur;</span> <span class='ocrx_word' id='word_1_7' title='bbox 604 405 781 463; x_wconf 89' lang='lat' dir='ltr'>quamquam</span> <span class='ocrx_word' id='word_1_8' title='bbox 800 385 928 463; x_wconf 81' lang='lat' dir='ltr'>proximi</span> <span class='ocrx_word' id='word_1_9' title='bbox 945 385 985 442; x_wconf 93' lang='lat' dir='ltr'>ob</span> <span class='ocrx_word' id='word_1_10' title='bbox 1005 405 1092 444; x_wconf 90' lang='lat' dir='ltr'>usum</span> 
     </span>
     <span class='ocr_line' id='line_1_3' title="bbox 116 473 1089 562; baseline 0 -22"><span class='ocrx_word' id='word_1_11' title='bbox 116 473 117 476; x_wconf 26' lang='lat'>¹</span> <span class='ocrx_word' id='word_1_12' title='bbox 200 479 436 542; x_wconf 70' lang='lat' dir='ltr'><strong>commerciorum</strong></span> <span class='ocrx_word' id='word_1_13' title='bbox 458 501 563 540; x_wconf 82' lang='lat' dir='ltr'>amum</span> <span class='ocrx_word' id='word_1_14' title='bbox 587 488 617 540; x_wconf 88' lang='lat' dir='ltr'>ct</span> <span class='ocrx_word' id='word_1_15' title='bbox 635 487 788 559; x_wconf 85' lang='lat' dir='ltr'>argentum</span> <span class='ocrx_word' id='word_1_16' title='bbox 809 482 842 539; x_wconf 87' lang='lat' dir='ltr'>in</span> <span class='ocrx_word' id='word_1_17' title='bbox 859 481 955 562; x_wconf 75' lang='lat' dir='ltr'>pretio</span> <span class='ocrx_word' id='word_1_18' title='bbox 971 480 1089 554; x_wconf 85' lang='lat' dir='ltr'>habent,</span> 
     </span>
     <span class='ocr_line' id='line_1_4' title="bbox 199 577 1091 658; baseline 0.001 -20"><span class='ocrx_word' id='word_1_19' title='bbox 199 577 363 658; x_wconf 76' lang='lat' dir='ltr'><strong>formasque</strong></span> <span class='ocrx_word' id='word_1_20' title='bbox 376 579 516 657; x_wconf 85' lang='lat' dir='ltr'>quasdam</span> <span class='ocrx_word' id='word_1_21' title='bbox 528 585 645 638; x_wconf 84' lang='lat' dir='ltr'>nostrae</span> <span class='ocrx_word' id='word_1_22' title='bbox 663 580 802 656; x_wconf 84' lang='lat' dir='ltr'>pecuniae</span> <span class='ocrx_word' id='word_1_23' title='bbox 821 585 983 658; x_wconf 85' lang='lat' dir='ltr'>agnoscunt</span> <span class='ocrx_word' id='word_1_24' title='bbox 1002 585 1091 658; x_wconf 82' lang='lat' dir='ltr'>atque</span> 
     </span>
     <span class='ocr_line' id='line_1_5' title="bbox 199 675 1091 755; baseline 0.001 -21"><span class='ocrx_word' id='word_1_25' title='bbox 199 677 319 754; x_wconf 83' lang='lat' dir='ltr'>eligunt</span> <span class='ocrx_word' id='word_1_26' title='bbox 366 678 525 737; x_wconf 78' lang='lat' dir='ltr'>Interiores</span> <span class='ocrx_word' id='word_1_27' title='bbox 545 675 705 755; x_wconf 82' lang='lat' dir='ltr'>simplicius</span> <span class='ocrx_word' id='word_1_28' title='bbox 724 683 755 736; x_wconf 91' lang='lat' dir='ltr'>et</span> <span class='ocrx_word' id='word_1_29' title='bbox 775 677 928 754; x_wconf 80' lang='lat' dir='ltr'>antiquius</span> <span class='ocrx_word' id='word_1_30' title='bbox 944 681 1091 752; x_wconf 80' lang='lat' dir='ltr'>permuta-</span> 
     </span>
     <span class='ocr_line' id='line_1_6' title="bbox 199 771 1090 852; baseline -0.002 -16"><span class='ocrx_word' id='word_1_31' title='bbox 199 775 280 836; x_wconf 80' lang='lat' dir='ltr'>tione</span> <span class='ocrx_word' id='word_1_32' title='bbox 299 771 440 836; x_wconf 85' lang='lat' dir='ltr'>mercium</span> <span class='ocrx_word' id='word_1_33' title='bbox 460 779 594 834; x_wconf 89' lang='lat' dir='ltr'>utuntur.</span> <span class='ocrx_word' id='word_1_34' title='bbox 637 775 796 834; x_wconf 77' lang='lat' dir='ltr'>Pecuniam</span> <span class='ocrx_word' id='word_1_35' title='bbox 815 775 941 852; x_wconf 83' lang='lat' dir='ltr'>probant</span> <span class='ocrx_word' id='word_1_36' title='bbox 960 779 1090 841; x_wconf 76' lang='lat' dir='ltr'>,veterem</span> 
     </span>
     <span class='ocr_line' id='line_1_7' title="bbox 198 871 1089 950; baseline 0.001 -20"><span class='ocrx_word' id='word_1_37' title='bbox 198 877 229 930; x_wconf 87' lang='lat' dir='ltr'>et</span> <span class='ocrx_word' id='word_1_38' title='bbox 242 872 415 946; x_wconf 85' lang='lat' dir='ltr'>diu-notam,</span> <span class='ocrx_word' id='word_1_39' title='bbox 430 879 554 932; x_wconf 76' lang='lat' dir='ltr'>senatos</span> <span class='ocrx_word' id='word_1_40' title='bbox 567 872 744 950; x_wconf 80' lang='lat' dir='ltr'>bigatosque.</span> <span class='ocrx_word' id='word_1_41' title='bbox 762 921 763 927; x_wconf 66' lang='grc'>,</span> <span class='ocrx_word' id='word_1_42' title='bbox 786 871 954 948; x_wconf 80' lang='lat' dir='ltr'><strong>Argentum</strong></span> <span class='ocrx_word' id='word_1_43' title='bbox 973 889 1089 950; x_wconf 87' lang='lat' dir='ltr'>quoque</span> 
     </span>
     <span class='ocr_line' id='line_1_8' title="bbox 198 965 1089 1048; baseline -0.003 -16"><span class='ocrx_word' id='word_1_44' title='bbox 198 972 290 1048; x_wconf 80' lang='lat' dir='ltr'>magis</span> <span class='ocrx_word' id='word_1_45' title='bbox 317 965 415 1048; x_wconf 75' lang='lat' dir='ltr'>quani</span> <span class='ocrx_word' id='word_1_46' title='bbox 433 989 538 1029; x_wconf 82' lang='lat' dir='ltr'>aurum</span> <span class='ocrx_word' id='word_1_47' title='bbox 561 966 732 1048; x_wconf 84' lang='lat' dir='ltr'>sequuntur,</span> <span class='ocrx_word' id='word_1_48' title='bbox 753 969 1009 1029; x_wconf 81' lang='lat' dir='ltr'>nullaaffeotionc</span> <span class='ocrx_word' id='word_1_49' title='bbox 1027 969 1089 1029; x_wconf 80' lang='lat' dir='ltr'>ani-</span> 
     </span>
     <span class='ocr_line' id='line_1_9' title="bbox 198 1067 1089 1146; baseline 0 -20"><span class='ocrx_word' id='word_1_50' title='bbox 198 1069 247 1141; x_wconf 79' lang='lat' dir='ltr'>mi,</span> <span class='ocrx_word' id='word_1_51' title='bbox 270 1069 321 1126; x_wconf 86' lang='lat' dir='ltr'>sed</span> <span class='ocrx_word' id='word_1_52' title='bbox 341 1069 412 1145; x_wconf 87' lang='lat' dir='ltr'>quia</span> <span class='ocrx_word' id='word_1_53' title='bbox 434 1085 574 1128; x_wconf 85' lang='lat' dir='ltr'>numerus</span> <span class='ocrx_word' id='word_1_54' title='bbox 597 1075 801 1146; x_wconf 71' lang='lat' dir='ltr'>argenteorum</span> <span class='ocrx_word' id='word_1_55' title='bbox 822 1067 935 1126; x_wconf 83' lang='lat' dir='ltr'>facilior</span> <span class='ocrx_word' id='word_1_56' title='bbox 954 1067 1021 1126; x_wconf 89' lang='lat' dir='ltr'>usui</span> <span class='ocrx_word' id='word_1_57' title='bbox 1043 1072 1089 1126; x_wconf 86' lang='lat' dir='ltr'>cst</span> 
     </span>
     <span class='ocr_line' id='line_1_10' title="bbox 197 1162 857 1244; baseline -0.005 -18"><span class='ocrx_word' id='word_1_58' title='bbox 197 1166 359 1244; x_wconf 82' lang='lat' dir='ltr'>promiscua</span> <span class='ocrx_word' id='word_1_59' title='bbox 372 1184 405 1224; x_wconf 76' lang='lat' dir='ltr'>cn</span> <span class='ocrx_word' id='word_1_60' title='bbox 418 1165 489 1228; x_wconf 73' lang='lat' dir='ltr'>,vilis</span> <span class='ocrx_word' id='word_1_61' title='bbox 501 1162 703 1225; x_wconf 83' lang='lat' dir='ltr'>mercantibus</span> <span class='ocrx_word' id='word_1_62' title='bbox 855 1169 857 1174; x_wconf 87' lang='grc'><strong>’</strong></span> 
     </span>
    </p>
   </div>
   <div class='ocr_carea' id='block_1_3' title="bbox 192 1309 1096 2098">
    <p class='ocr_par' dir='ltr' id='par_1_3' title="bbox 196 1309 1090 1491">
     <span class='ocr_line' id='line_1_11' title="bbox 198 1309 1090 1396; baseline 0.002 -18"><span class='ocrx_word' id='word_1_63' title='bbox 198 1336 329 1392; x_wconf 66' lang='grc' dir='ltr'>νι-Χγ,</span> <span class='ocrx_word' id='word_1_64' title='bbox 365 1319 404 1377; x_wconf 83' lang='lat' dir='ltr'><em>M</em></span> <span class='ocrx_word' id='word_1_65' title='bbox 401 1341 509 1382; x_wconf 65' lang='lat' dir='ltr'>accus</span> <span class='ocrx_word' id='word_1_66' title='bbox 521 1320 585 1380; x_wconf 74' lang='lat' dir='ltr'>ond</span> <span class='ocrx_word' id='word_1_67' title='bbox 595 1329 716 1380; x_wconf 77' lang='lat' dir='ltr'>oentomr</span> <span class='ocrx_word' id='word_1_68' title='bbox 726 1321 764 1396; x_wconf 87' lang='lat' dir='ltr'>os</span> <span class='ocrx_word' id='word_1_69' title='bbox 771 1321 815 1380; x_wconf 80' lang='lat' dir='ltr'>tle</span> <span class='ocrx_word' id='word_1_70' title='bbox 825 1309 969 1379; x_wconf 67' lang='lat' dir='ltr'>comm.</span> <span class='ocrx_word' id='word_1_71' title='bbox 1000 1312 1090 1380; x_wconf 61' lang='lat' dir='ltr'>rtet}</span> 
     </span>
     <span class='ocr_line' id='line_1_12' title="bbox 196 1407 1089 1491; baseline 0.001 -25"><span class='ocrx_word' id='word_1_72' title='bbox 196 1445 216 1491; x_wconf 74' lang='grc' dir='ltr'> </span> <span class='ocrx_word' id='word_1_73' title='bbox 236 1428 323 1480; x_wconf 74' lang='lat' dir='ltr'>arcos,</span> <span class='ocrx_word' id='word_1_74' title='bbox 339 1407 472 1485; x_wconf 73' lang='lat' dir='ltr'>Comalry.</span> <span class='ocrx_word' id='word_1_75' title='bbox 503 1407 594 1468; x_wconf 72' lang='lat' dir='ltr'>Ordo</span> <span class='ocrx_word' id='word_1_76' title='bbox 606 1409 644 1483; x_wconf 89' lang='lat' dir='ltr'>of</span> <span class='ocrx_word' id='word_1_77' title='bbox 650 1409 740 1468; x_wconf 81' lang='lat' dir='ltr'>battle.</span> <span class='ocrx_word' id='word_1_78' title='bbox 768 1407 892 1484; x_wconf 73' lang='lat' dir='ltr'>Infamy</span> <span class='ocrx_word' id='word_1_79' title='bbox 912 1407 950 1484; x_wconf 87' lang='lat' dir='ltr'>of</span> <span class='ocrx_word' id='word_1_80' title='bbox 964 1408 1089 1467; x_wconf 77' lang='lat' dir='ltr'>oowasrd·</span> 
     </span>
    </p>

    <p class='ocr_par' dir='ltr' id='par_1_4' title="bbox 192 1485 1096 2011">
     <span class='ocr_line' id='line_1_13' title="bbox 236 1485 1089 1573; baseline 0 -19"><span class='ocrx_word' id='word_1_81' title='bbox 236 1495 284 1555; x_wconf 75' lang='lat' dir='ltr'>o&#39;ce.</span> <span class='ocrx_word' id='word_1_82' title='bbox 327 1485 442 1556; x_wconf 81' lang='lat' dir='ltr'>Pooocrs</span> <span class='ocrx_word' id='word_1_83' title='bbox 464 1496 502 1573; x_wconf 88' lang='lat' dir='ltr'>of</span> <span class='ocrx_word' id='word_1_84' title='bbox 514 1496 558 1554; x_wconf 72' lang='lat' dir='ltr'>tlte</span> <span class='ocrx_word' id='word_1_85' title='bbox 581 1495 658 1572; x_wconf 64' lang='lat' dir='ltr'>laico,</span> <span class='ocrx_word' id='word_1_86' title='bbox 681 1496 719 1570; x_wconf 88' lang='lat' dir='ltr'>of</span> <span class='ocrx_word' id='word_1_87' title='bbox 729 1496 782 1554; x_wconf 80' lang='lat' dir='ltr'>&#39;th</span> <span class='ocrx_word' id='word_1_88' title='bbox 806 1496 931 1570; x_wconf 62' lang='lat' dir='ltr'>certarat,</span> <span class='ocrx_word' id='word_1_89' title='bbox 959 1495 1021 1554; x_wconf 76' lang='lat' dir='ltr'>aad</span> <span class='ocrx_word' id='word_1_90' title='bbox 1043 1495 1089 1555; x_wconf 73' lang='lat' dir='ltr'>rto</span> 
     </span>
     <span class='ocr_line' id='line_1_14' title="bbox 197 1581 1085 1658; baseline 0 -16"><span class='ocrx_word' id='word_1_91' title='bbox 197 1586 201 1591; x_wconf 86' lang='grc'><strong>’</strong></span> <span class='ocrx_word' id='word_1_92' title='bbox 232 1583 330 1658; x_wconf 67' lang='lat' dir='ltr'>print.</span> <span class='ocrx_word' id='word_1_93' title='bbox 374 1581 503 1658; x_wconf 66' lang='lat' dir='ltr'>Gouroqc</span> <span class='ocrx_word' id='word_1_94' title='bbox 517 1583 580 1641; x_wconf 77' lang='lat' dir='ltr'>ond</span> <span class='ocrx_word' id='word_1_95' title='bbox 591 1582 693 1641; x_wconf 77' lang='lat' dir='ltr'>sacred</span> <span class='ocrx_word' id='word_1_96' title='bbox 704 1582 849 1640; x_wconf 72' lang='lat' dir='ltr'>character</span> <span class='ocrx_word' id='word_1_97' title='bbox 862 1582 899 1656; x_wconf 86' lang='lat' dir='ltr'>of</span> <span class='ocrx_word' id='word_1_98' title='bbox 913 1581 957 1641; x_wconf 72' lang='lat' dir='ltr'>tlte</span> <span class='ocrx_word' id='word_1_99' title='bbox 969 1601 1085 1642; x_wconf 70' lang='lat' dir='ltr'>werten</span> 
     </span>
     <span class='ocr_line' id='line_1_15' title="bbox 195 1665 1089 1746; baseline 0.002 -19"><span class='ocrx_word' id='word_1_100' title='bbox 195 1665 198 1684; x_wconf 72' lang='lat'>³</span> <span class='ocrx_word' id='word_1_101' title='bbox 235 1669 326 1728; x_wconf 46' lang='lat' dir='ltr'>&#39;Their</span> <span class='ocrx_word' id='word_1_102' title='bbox 337 1671 409 1746; x_wconf 72' lang='lat' dir='ltr'>yode</span> <span class='ocrx_word' id='word_1_103' title='bbox 422 1671 484 1729; x_wconf 79' lang='lat' dir='ltr'>ond</span> <span class='ocrx_word' id='word_1_104' title='bbox 496 1671 576 1728; x_wconf 78' lang='lat' dir='ltr'>mode</span> <span class='ocrx_word' id='word_1_105' title='bbox 596 1670 634 1746; x_wconf 90' lang='lat' dir='ltr'>os</span> <span class='ocrx_word' id='word_1_106' title='bbox 647 1669 777 1745; x_wconf 74' lang='lat' dir='ltr'>worship.</span> <span class='ocrx_word' id='word_1_107' title='bbox 820 1669 993 1728; x_wconf 67' lang='lat' dir='ltr'>Diciootcoo</span> <span class='ocrx_word' id='word_1_108' title='bbox 1002 1669 1089 1745; x_wconf 81' lang='lat' dir='ltr'>from</span> 
     </span>
     <span class='ocr_line' id='line_1_16' title="bbox 197 1757 1096 1834; baseline 0.001 -17"><span class='ocrx_word' id='word_1_109' title='bbox 197 1781 199 1786; x_wconf 92' lang='lat'>·</span> <span class='ocrx_word' id='word_1_110' title='bbox 237 1759 322 1830; x_wconf 80' lang='lat' dir='ltr'>birds,</span> <span class='ocrx_word' id='word_1_111' title='bbox 346 1759 449 1827; x_wconf 76' lang='lat' dir='ltr'>horren,</span> <span class='ocrx_word' id='word_1_112' title='bbox 473 1759 537 1817; x_wconf 75' lang='lat' dir='ltr'>carol</span> <span class='ocrx_word' id='word_1_113' title='bbox 555 1759 647 1834; x_wconf 69' lang='lat' dir='ltr'>oinqle</span> <span class='ocrx_word' id='word_1_114' title='bbox 668 1759 783 1818; x_wconf 76' lang='lat' dir='ltr'>amabat.</span> <span class='ocrx_word' id='word_1_115' title='bbox 826 1757 1035 1818; x_wconf 77' lang='lat' dir='ltr'>Delihorctt‘om</span> <span class='ocrx_word' id='word_1_116' title='bbox 1055 1759 1096 1834; x_wconf 81' lang='lat' dir='ltr'>of</span> 
     </span>
     <span class='ocr_line' id='line_1_17' title="bbox 194 1846 1085 1924; baseline 0.002 -18"><span class='ocrx_word' id='word_1_117' title='bbox 194 1867 196 1870; x_wconf 89' lang='lat'>·</span> <span class='ocrx_word' id='word_1_118' title='bbox 236 1847 280 1906; x_wconf 76' lang='lat' dir='ltr'>llio</span> <span class='ocrx_word' id='word_1_119' title='bbox 294 1847 382 1921; x_wconf 75' lang='lat' dir='ltr'>otiose</span> <span class='ocrx_word' id='word_1_120' title='bbox 395 1848 457 1906; x_wconf 72' lang='lat' dir='ltr'>osred</span> <span class='ocrx_word' id='word_1_121' title='bbox 469 1847 507 1921; x_wconf 90' lang='lat' dir='ltr'>of</span> <span class='ocrx_word' id='word_1_122' title='bbox 516 1847 561 1906; x_wconf 76' lang='lat' dir='ltr'>tlte</span> <span class='ocrx_word' id='word_1_123' title='bbox 572 1849 675 1924; x_wconf 80' lang='lat' dir='ltr'>peoplo.</span> <span class='ocrx_word' id='word_1_124' title='bbox 718 1847 820 1905; x_wconf 74' lang='lat' dir='ltr'>Medos</span> <span class='ocrx_word' id='word_1_125' title='bbox 839 1846 878 1922; x_wconf 75' lang='lat' dir='ltr'>of</span> <span class='ocrx_word' id='word_1_126' title='bbox 888 1847 1085 1923; x_wconf 64' lang='lat' dir='ltr'>postam,</span> 
     </span>
     <span class='ocr_line' id='line_1_18' title="bbox 192 1933 1089 2011; baseline 0 -18"><span class='ocrx_word' id='word_1_127' title='bbox 192 1969 194 1976; x_wconf 84' lang='grc'><strong><em>·</em></strong></span> <span class='ocrx_word' id='word_1_128' title='bbox 238 1933 296 1993; x_wconf 67' lang='lat' dir='ltr'>rio</span> <span class='ocrx_word' id='word_1_129' title='bbox 316 1934 412 2011; x_wconf 66' lang='lat' dir='ltr'>alost</span> <span class='ocrx_word' id='word_1_130' title='bbox 432 1934 553 1994; x_wconf 73' lang='lat' dir='ltr'>relicua</span> <span class='ocrx_word' id='word_1_131' title='bbox 594 1933 760 2010; x_wconf 78' lang='lat' dir='ltr'>Prosercnea</span> <span class='ocrx_word' id='word_1_132' title='bbox 782 1933 820 2009; x_wconf 86' lang='lat' dir='ltr'>os</span> <span class='ocrx_word' id='word_1_133' title='bbox 835 1953 897 1992; x_wconf 78' lang='lat' dir='ltr'>war</span> <span class='ocrx_word' id='word_1_134' title='bbox 916 1943 944 1994; x_wconf 86' lang='lat' dir='ltr'>to</span> <span class='ocrx_word' id='word_1_135' title='bbox 963 1935 1089 2010; x_wconf 57' lang='lat' dir='ltr'>comat</span> 
     </span>
    </p>

    <p class='ocr_par' dir='ltr' id='par_1_5' title="bbox 234 2021 1087 2098">
     <span class='ocr_line' id='line_1_19' title="bbox 234 2021 1087 2098; baseline 0.001 -18"><span class='ocrx_word' id='word_1_136' title='bbox 234 2032 305 2082; x_wconf 80' lang='lat' dir='ltr'>ture.</span> <span class='ocrx_word' id='word_1_137' title='bbox 351 2022 429 2082; x_wconf 75' lang='lat' dir='ltr'>Loro</span> <span class='ocrx_word' id='word_1_138' title='bbox 453 2021 491 2098; x_wconf 87' lang='lat' dir='ltr'>of</span> <span class='ocrx_word' id='word_1_139' title='bbox 511 2022 555 2082; x_wconf 72' lang='lat' dir='ltr'>tlte</span> <span class='ocrx_word' id='word_1_140' title='bbox 582 2022 670 2084; x_wconf 78' lang='lat' dir='ltr'>close.</span> <span class='ocrx_word' id='word_1_141' title='bbox 714 2022 848 2083; x_wconf 69' lang='lat' dir='ltr'>Promo</span> <span class='ocrx_word' id='word_1_142' title='bbox 874 2021 958 2083; x_wconf 53' lang='lat' dir='ltr'>aaa&amp;</span> <span class='ocrx_word' id='word_1_143' title='bbox 984 2031 1012 2084; x_wconf 72' lang='lat' dir='ltr'><strong><em>w</em></strong></span> <span class='ocrx_word' id='word_1_144' title='bbox 1039 2021 1087 2094; x_wconf 75' lang='lat' dir='ltr'>llio</span> 
     </span>
    </p>
   </div>
   <div class='ocr_carea' id='block_1_4' title="bbox 159 2240 1088 3579">
    <p class='ocr_par' dir='ltr' id='par_1_6' title="bbox 159 2240 1088 3579">
     <span class='ocr_line' id='line_1_20' title="bbox 201 2240 1087 2325; baseline 0 -25"><span class='ocrx_word' id='word_1_145' title='bbox 201 2319 205 2324; x_wconf 89' lang='lat'><em>.</em></span> <span class='ocrx_word' id='word_1_146' title='bbox 253 2241 316 2325; x_wconf 75' lang='lat' dir='ltr'>Vl.</span> <span class='ocrx_word' id='word_1_147' title='bbox 356 2240 405 2300; x_wconf 87' lang='lat' dir='ltr'>Ne</span> <span class='ocrx_word' id='word_1_148' title='bbox 419 2241 528 2300; x_wconf 81' lang='lat' dir='ltr'>ferrum</span> <span class='ocrx_word' id='word_1_149' title='bbox 542 2241 660 2318; x_wconf 88' lang='lat' dir='ltr'>quidem</span> <span class='ocrx_word' id='word_1_150' title='bbox 673 2245 812 2318; x_wconf 73' lang='lat' dir='ltr'>superest,</span> <span class='ocrx_word' id='word_1_151' title='bbox 828 2242 904 2300; x_wconf 88' lang='lat' dir='ltr'>siout</span> <span class='ocrx_word' id='word_1_152' title='bbox 922 2257 961 2300; x_wconf 81' lang='lat' dir='ltr'>ex</span> <span class='ocrx_word' id='word_1_153' title='bbox 980 2259 1087 2318; x_wconf 77' lang='lat' dir='ltr'>genam</span> 
     </span>
     <span class='ocr_line' id='line_1_21' title="bbox 195 2336 1088 2414; baseline 0 -17"><span class='ocrx_word' id='word_1_154' title='bbox 195 2339 320 2397; x_wconf 82' lang='lat' dir='ltr'>telorum</span> <span class='ocrx_word' id='word_1_155' title='bbox 339 2336 493 2413; x_wconf 75' lang='lat' dir='ltr'>colligitur.</span> <span class='ocrx_word' id='word_1_156' title='bbox 536 2336 611 2395; x_wconf 82' lang='lat' dir='ltr'>Rari</span> <span class='ocrx_word' id='word_1_157' title='bbox 623 2336 728 2414; x_wconf 84' lang='lat' dir='ltr'>gladiis</span> <span class='ocrx_word' id='word_1_158' title='bbox 742 2342 794 2394; x_wconf 86' lang='lat' dir='ltr'>out</span> <span class='ocrx_word' id='word_1_159' title='bbox 807 2337 965 2395; x_wconf 83' lang='lat' dir='ltr'>maioribus</span> <span class='ocrx_word' id='word_1_160' title='bbox 977 2337 1088 2397; x_wconf 75' lang='lat' dir='ltr'>lanceis</span> 
     </span>
     <span class='ocr_line' id='line_1_22' title="bbox 191 2432 1087 2510; baseline 0.001 -18"><span class='ocrx_word' id='word_1_161' title='bbox 191 2440 327 2493; x_wconf 88' lang='lat' dir='ltr'>utuntur.</span> <span class='ocrx_word' id='word_1_162' title='bbox 375 2433 487 2492; x_wconf 84' lang='lat' dir='ltr'>Hastas</span> <span class='ocrx_word' id='word_1_163' title='bbox 509 2433 557 2490; x_wconf 76' lang='lat' dir='ltr'>vel</span> <span class='ocrx_word' id='word_1_164' title='bbox 578 2433 708 2510; x_wconf 82' lang='lat' dir='ltr'>ipsorum</span> <span class='ocrx_word' id='word_1_165' title='bbox 730 2432 871 2491; x_wconf 85' lang='lat' dir='ltr'>vocabulo</span> <span class='ocrx_word' id='word_1_166' title='bbox 892 2433 1015 2492; x_wconf 59' lang='lat' dir='ltr'>fiamus</span> <span class='ocrx_word' id='word_1_167' title='bbox 1036 2453 1087 2510; x_wconf 80' lang='lat' dir='ltr'>ge-</span> 
     </span>
     <span class='ocr_line' id='line_1_23' title="bbox 188 2529 1087 2608; baseline 0 -19"><span class='ocrx_word' id='word_1_168' title='bbox 188 2537 266 2590; x_wconf 83' lang='lat' dir='ltr'>runt</span> <span class='ocrx_word' id='word_1_169' title='bbox 285 2535 409 2608; x_wconf 84' lang='lat' dir='ltr'>angusto</span> <span class='ocrx_word' id='word_1_170' title='bbox 430 2535 463 2588; x_wconf 87' lang='lat' dir='ltr'>et</span> <span class='ocrx_word' id='word_1_171' title='bbox 486 2531 569 2588; x_wconf 82' lang='lat' dir='ltr'>brevi</span> <span class='ocrx_word' id='word_1_172' title='bbox 588 2530 664 2587; x_wconf 86' lang='lat' dir='ltr'>ferro</span> <span class='ocrx_word' id='word_1_173' title='bbox 681 2529 732 2586; x_wconf 86' lang='lat' dir='ltr'>sed</span> <span class='ocrx_word' id='word_1_174' title='bbox 751 2529 794 2587; x_wconf 85' lang='lat' dir='ltr'>ita</span> <span class='ocrx_word' id='word_1_175' title='bbox 813 2529 873 2588; x_wconf 84' lang='lat' dir='ltr'>cori</span> <span class='ocrx_word' id='word_1_176' title='bbox 891 2535 922 2588; x_wconf 91' lang='lat' dir='ltr'>et</span> <span class='ocrx_word' id='word_1_177' title='bbox 941 2530 979 2589; x_wconf 87' lang='lat' dir='ltr'>ad</span> <span class='ocrx_word' id='word_1_178' title='bbox 997 2548 1087 2590; x_wconf 88' lang='lat' dir='ltr'>usum</span> 
     </span>
     <span class='ocr_line' id='line_1_24' title="bbox 193 2626 1088 2702; baseline 0.002 -16"><span class='ocrx_word' id='word_1_179' title='bbox 193 2627 292 2700; x_wconf 87' lang='lat' dir='ltr'>habili,</span> <span class='ocrx_word' id='word_1_180' title='bbox 307 2632 343 2684; x_wconf 87' lang='lat' dir='ltr'>ut</span> <span class='ocrx_word' id='word_1_181' title='bbox 356 2626 456 2684; x_wconf 86' lang='lat' dir='ltr'>eodem</span> <span class='ocrx_word' id='word_1_182' title='bbox 469 2626 536 2699; x_wconf 89' lang='lat' dir='ltr'>telo,</span> <span class='ocrx_word' id='word_1_183' title='bbox 558 2632 647 2702; x_wconf 91' lang='lat' dir='ltr'>prout</span> <span class='ocrx_word' id='word_1_184' title='bbox 666 2626 743 2683; x_wconf 88' lang='lat' dir='ltr'>ratio</span> <span class='ocrx_word' id='word_1_185' title='bbox 763 2627 863 2702; x_wconf 88' lang='lat' dir='ltr'>poscit,</span> <span class='ocrx_word' id='word_1_186' title='bbox 886 2627 938 2684; x_wconf 66' lang='lat' dir='ltr'>vel,</span> <span class='ocrx_word' id='word_1_187' title='bbox 953 2626 1088 2689; x_wconf 76' lang='lat' dir='ltr'>cominus</span> 
     </span>
     <span class='ocr_line' id='line_1_25' title="bbox 193 2721 1087 2800; baseline 0.003 -20"><span class='ocrx_word' id='word_1_188' title='bbox 193 2723 241 2781; x_wconf 87' lang='lat' dir='ltr'>vol</span> <span class='ocrx_word' id='word_1_189' title='bbox 260 2723 374 2780; x_wconf 88' lang='lat' dir='ltr'>ominus</span> <span class='ocrx_word' id='word_1_190' title='bbox 393 2727 531 2800; x_wconf 82' lang='lat' dir='ltr'>pugnant.</span> <span class='ocrx_word' id='word_1_191' title='bbox 573 2721 615 2779; x_wconf 85' lang='lat' dir='ltr'>Et</span> <span class='ocrx_word' id='word_1_192' title='bbox 634 2740 722 2798; x_wconf 85' lang='lat' dir='ltr'>eques</span> <span class='ocrx_word' id='word_1_193' title='bbox 742 2723 860 2799; x_wconf 89' lang='lat' dir='ltr'>quidem</span> <span class='ocrx_word' id='word_1_194' title='bbox 879 2729 962 2782; x_wconf 87' lang='lat' dir='ltr'>scuto</span> <span class='ocrx_word' id='word_1_195' title='bbox 981 2724 1087 2783; x_wconf 78' lang='lat' dir='ltr'>frame-</span> 
     </span>
     <span class='ocr_line' id='line_1_26' title="bbox 189 2817 1087 2899; baseline 0.002 -21"><span class='ocrx_word' id='word_1_196' title='bbox 189 2839 268 2899; x_wconf 81' lang='lat' dir='ltr'>aque</span> <span class='ocrx_word' id='word_1_197' title='bbox 281 2825 435 2878; x_wconf 85' lang='lat' dir='ltr'>contentus</span> <span class='ocrx_word' id='word_1_198' title='bbox 447 2824 512 2891; x_wconf 81' lang='lat' dir='ltr'>cst3</span> <span class='ocrx_word' id='word_1_199' title='bbox 531 2817 644 2895; x_wconf 83' lang='lat' dir='ltr'>pedites</span> <span class='ocrx_word' id='word_1_200' title='bbox 664 2823 703 2876; x_wconf 87' lang='lat' dir='ltr'>et</span> <span class='ocrx_word' id='word_1_201' title='bbox 715 2818 837 2878; x_wconf 74' lang='lat' dir='ltr'>missilia</span> <span class='ocrx_word' id='word_1_202' title='bbox 857 2826 1006 2896; x_wconf 85' lang='lat' dir='ltr'>spargunt,</span> <span class='ocrx_word' id='word_1_203' title='bbox 1020 2819 1087 2897; x_wconf 85' lang='lat' dir='ltr'>pln-</span> 
     </span>
     <span class='ocr_line' id='line_1_27' title="bbox 187 2917 1087 2996; baseline 0.003 -20"><span class='ocrx_word' id='word_1_204' title='bbox 187 2937 282 2996; x_wconf 81' lang='lat' dir='ltr'>raquo</span> <span class='ocrx_word' id='word_1_205' title='bbox 305 2917 413 2994; x_wconf 87' lang='lat' dir='ltr'>singuli</span> <span class='ocrx_word' id='word_1_206' title='bbox 436 2922 525 2994; x_wconf 83' lang='lat' dir='ltr'>atque</span> <span class='ocrx_word' id='word_1_207' title='bbox 546 2918 580 2975; x_wconf 85' lang='lat' dir='ltr'>in</span> <span class='ocrx_word' id='word_1_208' title='bbox 602 2917 775 2975; x_wconf 84' lang='lat' dir='ltr'>immensum</span> <span class='ocrx_word' id='word_1_209' title='bbox 798 2918 917 2976; x_wconf 88' lang='lat' dir='ltr'>vibrant</span> <span class='ocrx_word' id='word_1_210' title='bbox 937 2918 1011 2977; x_wconf 85' lang='lat' dir='ltr'>nudi</span> <span class='ocrx_word' id='word_1_211' title='bbox 1030 2925 1087 2980; x_wconf 86' lang='lat' dir='ltr'>aut</span> 
     </span>
     <span class='ocr_line' id='line_1_28' title="bbox 174 3014 1084 3093; baseline 0.003 -19"><span class='ocrx_word' id='word_1_212' title='bbox 174 3017 292 3093; x_wconf 80' lang='lat' dir='ltr'>&#39;sagulo</span> <span class='ocrx_word' id='word_1_213' title='bbox 319 3015 403 3074; x_wconf 86' lang='lat' dir='ltr'>leves.</span> <span class='ocrx_word' id='word_1_214' title='bbox 447 3014 540 3072; x_wconf 85' lang='lat' dir='ltr'>Nulla</span> <span class='ocrx_word' id='word_1_215' title='bbox 566 3015 663 3073; x_wconf 86' lang='lat' dir='ltr'>cultus</span> <span class='ocrx_word' id='word_1_216' title='bbox 689 3015 807 3082; x_wconf 83' lang='lat' dir='ltr'>iactatio</span> <span class='ocrx_word' id='word_1_217' title='bbox 819 3036 829 3089; x_wconf 78' lang='lat'><em>3</em></span> <span class='ocrx_word' id='word_1_218' title='bbox 858 3022 940 3076; x_wconf 88' lang='lat' dir='ltr'>scuta</span> <span class='ocrx_word' id='word_1_219' title='bbox 965 3021 1084 3077; x_wconf 80' lang='lat' dir='ltr'>tantum</span> 
     </span>
     <span class='ocr_line' id='line_1_29' title="bbox 159 3111 1085 3188; baseline 0.003 -18"><span class='ocrx_word' id='word_1_220' title='bbox 159 3167 161 3170; x_wconf 86' lang='lat'>.</span> <span class='ocrx_word' id='word_1_221' title='bbox 185 3113 355 3172; x_wconf 74' lang='lat' dir='ltr'>vlaetissimis</span> <span class='ocrx_word' id='word_1_222' title='bbox 378 3112 521 3170; x_wconf 91' lang='lat' dir='ltr'>ooloribus</span> <span class='ocrx_word' id='word_1_223' title='bbox 539 3111 732 3188; x_wconf 79' lang='lat' dir='ltr'>distinguunt.</span> <span class='ocrx_word' id='word_1_224' title='bbox 775 3113 879 3171; x_wconf 84' lang='lat' dir='ltr'>Paucis</span> <span class='ocrx_word' id='word_1_225' title='bbox 899 3113 1011 3187; x_wconf 71' lang='lat' dir='ltr'>lorioaa</span> <span class='ocrx_word' id='word_1_226' title='bbox 1029 3114 1085 3173; x_wconf 84' lang='lat' dir='ltr'>vix</span> 
     </span>
     <span class='ocr_line' id='line_1_30' title="bbox 191 3207 1083 3286; baseline 0.001 -19"><span class='ocrx_word' id='word_1_227' title='bbox 191 3211 245 3267; x_wconf 89' lang='lat' dir='ltr'>uni</span> <span class='ocrx_word' id='word_1_228' title='bbox 268 3207 389 3267; x_wconf 74' lang='lat' dir='ltr'>alterive</span> <span class='ocrx_word' id='word_1_229' title='bbox 410 3208 498 3266; x_wconf 86' lang='lat' dir='ltr'>cassis</span> <span class='ocrx_word' id='word_1_230' title='bbox 520 3213 573 3266; x_wconf 87' lang='lat' dir='ltr'>aut</span> <span class='ocrx_word' id='word_1_231' title='bbox 594 3207 682 3284; x_wconf 80' lang='lat' dir='ltr'>galea</span> <span class='ocrx_word' id='word_1_232' title='bbox 726 3208 805 3286; x_wconf 86' lang='lat' dir='ltr'>Equi</span> <span class='ocrx_word' id='word_1_233' title='bbox 824 3227 884 3266; x_wconf 88' lang='lat' dir='ltr'>non</span> <span class='ocrx_word' id='word_1_234' title='bbox 900 3209 1002 3282; x_wconf 78' lang='lat' dir='ltr'>forma,</span> <span class='ocrx_word' id='word_1_235' title='bbox 1021 3227 1083 3269; x_wconf 85' lang='lat' dir='ltr'>non</span> 
     </span>
     <span class='ocr_line' id='line_1_31' title="bbox 186 3297 1085 3384; baseline 0 -18"><span class='ocrx_word' id='word_1_236' title='bbox 186 3297 530 3384; x_wconf 61' lang='lat' dir='ltr'>uelocitatcoonspioui5</span> <span class='ocrx_word' id='word_1_237' title='bbox 550 3305 601 3364; x_wconf 85' lang='lat' dir='ltr'>sed</span> <span class='ocrx_word' id='word_1_238' title='bbox 619 3324 672 3365; x_wconf 88' lang='lat' dir='ltr'>nec</span> <span class='ocrx_word' id='word_1_239' title='bbox 691 3306 803 3365; x_wconf 85' lang='lat' dir='ltr'>variare</span> <span class='ocrx_word' id='word_1_240' title='bbox 819 3325 905 3383; x_wconf 86' lang='lat' dir='ltr'>gyros</span> <span class='ocrx_word' id='word_1_241' title='bbox 922 3307 955 3364; x_wconf 91' lang='lat' dir='ltr'>in</span> <span class='ocrx_word' id='word_1_242' title='bbox 972 3325 1085 3366; x_wconf 87' lang='lat' dir='ltr'>morem</span> 
     </span>
     <span class='ocr_line' id='line_1_32' title="bbox 191 3393 1086 3478; baseline 0.006 -17"><span class='ocrx_word' id='word_1_243' title='bbox 191 3393 324 3462; x_wconf 82' lang='lat' dir='ltr'>nostrum</span> <span class='ocrx_word' id='word_1_244' title='bbox 346 3403 485 3462; x_wconf 88' lang='lat' dir='ltr'>docentur</span> <span class='ocrx_word' id='word_1_245' title='bbox 494 3424 503 3478; x_wconf 91' lang='lat'>;</span> <span class='ocrx_word' id='word_1_246' title='bbox 522 3405 555 3462; x_wconf 91' lang='lat' dir='ltr'>in</span> <span class='ocrx_word' id='word_1_247' title='bbox 572 3410 692 3477; x_wconf 88' lang='lat' dir='ltr'>rectum,</span> <span class='ocrx_word' id='word_1_248' title='bbox 713 3411 766 3463; x_wconf 90' lang='lat' dir='ltr'>aut</span> <span class='ocrx_word' id='word_1_249' title='bbox 782 3423 843 3462; x_wconf 89' lang='lat' dir='ltr'>uno</span> <span class='ocrx_word' id='word_1_250' title='bbox 863 3405 943 3476; x_wconf 86' lang='lat' dir='ltr'>flexu</span> <span class='ocrx_word' id='word_1_251' title='bbox 965 3405 1086 3466; x_wconf 84' lang='lat' dir='ltr'>dextros</span> 
     </span>
     <span class='ocr_line' id='line_1_33' title="bbox 190 3501 1084 3579; baseline 0.001 -20"><span class='ocrx_word' id='word_1_252' title='bbox 190 3506 291 3578; x_wconf 83' lang='lat' dir='ltr'>agunt,</span> <span class='ocrx_word' id='word_1_253' title='bbox 311 3501 355 3558; x_wconf 85' lang='lat' dir='ltr'>ita</span> <span class='ocrx_word' id='word_1_254' title='bbox 372 3501 526 3559; x_wconf 88' lang='lat' dir='ltr'>coniuncto</span> <span class='ocrx_word' id='word_1_255' title='bbox 544 3502 621 3576; x_wconf 86' lang='lat' dir='ltr'>orbe,</span> <span class='ocrx_word' id='word_1_256' title='bbox 640 3506 676 3559; x_wconf 89' lang='lat' dir='ltr'>nt</span> <span class='ocrx_word' id='word_1_257' title='bbox 691 3519 776 3558; x_wconf 86' lang='lat' dir='ltr'>nemo</span> <span class='ocrx_word' id='word_1_258' title='bbox 793 3501 936 3579; x_wconf 81' lang='lat' dir='ltr'>posterior</span> <span class='ocrx_word' id='word_1_259' title='bbox 952 3501 999 3561; x_wconf 81' lang='lat' dir='ltr'>sit</span> <span class='ocrx_word' id='word_1_260' title='bbox 1043 3501 1084 3560; x_wconf 87' lang='lat' dir='ltr'>In</span> 
     </span>
    </p>
   </div>
   <div class='ocr_carea' id='block_1_5' title="bbox 0 0 1208 3782">
    <p class='ocr_par' dir='ltr' id='par_1_7' title="bbox 0 0 1208 3782">
     <span class='ocr_line' id='line_1_34' title="bbox 0 0 1208 3782; baseline 0 1"><span class='ocrx_word' id='word_1_261' title='bbox 0 0 1208 3782; x_wconf 95' lang='lat' dir='ltr'> </span> 
     </span>
    </p>
   </div>
  </div>
 </body>
</html>
