2390 3782
351 257 555 318 Acelooar
586 249 816 320 Xia-XLVI,
988 261 1026 320 29

203 385 267 444 XL
310 387 408 464 Igitur
436 390 626 467 triumphalia
652 395 822 448 ornamenta
848 389 1027 448 et'illuetris

141 485 256 540 sumas
281 483 427 557 honorem,
456 491 487 544 et
513 486 650 563 quicquid
676 506 730 563 pro
755 485 904 563 triumpho
930 487 1025 561 datur,

141 577 237 636 multo
257 580 412 642 verborum
431 581 540 640 honore
559 581 715 656 cumulata,
737 583 853 642 decerni
871 583 904 640 in
923 589 1027 642 senatu

140 674 233 744 iubet,
250 677 375 755 addique
394 677 514 756 insuper
533 679 698 757 opinionem
713 678 828 755 Syriam
848 679 1025 756 provinciam

141 770 298 846 Agricolae
323 774 470 848 destinari,
494 795 617 835 vacuam
639 782 705 836 tum
728 783 821 835 morte
844 776 935 835 Atilii
956 776 1024 834 Rufi

141 869 300 929 consularis
317 878 348 929 et
366 873 524 931 maioribus
543 879 727 931 reservatam.
769 873 922 933 Credidere
941 871 1027 948 pleri·

141 985 199 1042 que
219 967 357 1028 libertum
380 970 639 1029 exoeecretioribus
660 969 830 1028 ministeriis
850 969 969 1026 missum
989 968 1027 1026 ad

140 1061 309 1137 Agricolam
327 1064 483 1138 codicillos,
497 1066 603 1143 quibus
619 1065 647 1123 ei
663 1065 748 1141 Syria
765 1065 898 1134 dabatur,
914 1064 1024 1138 tulisse,

141 1177 209 1215 cum
221 1167 381 1238 praecepto,
396 1168 438 1234 ut,
456 1163 481 1221 si
497 1163 530 1220 in
545 1162 701 1220 Britannia
720 1162 804 1237 foret,
825 1162 1026 1232 traderenturJ

141 1272 265 1332 eumque
285 1257 423 1317 libertum
443 1258 476 1315 in
498 1258 562 1335 ipso
579 1259 654 1317 freto
678 1258 777 1316 oceani
800 1258 919 1316 obvium
939 1257 1026 1334 Agri·

141 1351 229 1422 colae,
254 1370 290 1410 ne
314 1353 457 1430 appellato
483 1355 600 1430 quidem
628 1374 662 1412 eo
688 1354 727 1412 ad
753 1353 956 1412 Domitianum
983 1373 1026 1412 re·

141 1461 257 1516 measse,
283 1448 344 1506 eive
366 1465 469 1508 verum
490 1450 578 1524 istud,
602 1452 664 1510 aire
686 1471 724 1510 ex
744 1452 862 1529 ingenio
886 1450 1025 1528 principis

140 1547 240 1604 fictum
259 1566 293 1605 ac
310 1551 500 1626 compositum
519 1557 571 1610 est
613 1550 784 1609 Tradiderat
799 1550 919 1610 interim
937 1551 1024 1626 Agri-

141 1643 205 1702 cola
230 1646 383 1702 successori
412 1665 464 1704 suo
493 1647 672 1723 p1uvinciam
702 1648 830 1724 quietam
862 1652 1022 1723 tutamque.

141 1743 189 1798 Ac
203 1761 240 1800 ne
252 1743 390 1801 notabilis
403 1744 570 1802 celebritate
585 1750 615 1802 et
630 1745 794 1823 frequentia
812 1743 1025 1802 occurrentium

140 1838 279 1897 introitus
293 1845 374 1912 esset,
385 1840 477 1899 vitato
491 1841 649 1900 amicorum
662 1841 754 1899 officio
767 1846 856 1899 noctu
869 1839 901 1896 iu
915 1839 1023 1910 urbem,

140 1939 230 1991 noctu
243 1935 275 1991 in
288 1935 438 2011 palatium,
456 1936 500 1993 ita
514 1942 550 1993 ut
567 1941 753 2012 praeceptum
773 1941 842 2008 erat,
865 1934 954 2007 venit,
976 1953 1024 1991 cx·

140 2035 296 2107 ceptuaque
314 2033 396 2089 brevi
419 2032 514 2090 osculo
537 2037 568 2090 et
588 2032 670 2089 nullo
691 2050 822 2090 sermone
845 2030 948 2089 turbae
968 2049 1024 2087 ser-

140 2128 285 2186 vientium
297 2130 442 2188 immistus
456 2135 507 2189 est
550 2129 696 2202 Ceterum,
714 2135 750 2186 ut
765 2127 892 2185 militare
909 2143 1023 2194 nomen,

140 2243 228 2300 grave
245 2226 323 2285 inter
342 2228 455 2299 otiosos,
476 2227 542 2285 aliis
560 2228 721 2285 virtutibus
740 2230 924 2302 temperaret,
945 2229 1024 2280 tran·

140 2323 317 2399 quillitatem
330 2330 418 2402 atque
434 2325 527 2383 otium
543 2325 660 2402 penitus
675 2324 767 2396 auxit,
787 2323 868 2380 cultu
886 2321 1023 2393 modicus,

140 2438 271 2478 sermone
291 2421 390 2494 facilis,
413 2440 472 2479 uno
493 2427 545 2479 aut
568 2421 659 2479 altero
679 2421 837 2478 amicorum
858 2418 1021 2488 comitatus,

140 2516 211 2575 adeo
225 2517 270 2574 uti
283 2519 421 2596 plerique,
437 2518 542 2595 quibus
555 2536 673 2594 magnos
683 2517 760 2574 viros
773 2534 826 2593 per
834 2512 1024 2573 ambitionem

139 2615 292 2673 aestimare
322 2635 383 2674 mos
414 2621 466 2689 est,
494 2615 559 2673 viso
578 2620 750 2692 aspectoque
776 2611 913 2690 Agricola
939 2629 1023 2687 quae—

138 2717 238 2768 rerent
250 2712 365 2780 famem
379 2712 463 2789 pauci
476 2711 747 2788 interpretarentur.

199 2806 285 2864 XLI.
326 2808 433 2867 (lrebro
450 2827 502 2884 per
519 2827 568 2867 eos
585 2809 647 2866 dies
663 2807 741 2885 apud
756 2805 957 2864 Domitianum
977 2804 1024 2862 ab·

138 2922 203 2961 cens
223 2909 379 2977 accusatus,
396 2905 499 2963 absens
518 2903 668 2963 absolutus
687 2909 738 2961 est
794 2901 887 2960 (lausa
903 2898 1022 2976 periculi

138 3018 198 3058 non
219 3001 327 3058 crimen
350 3000 444 3058 ullum
470 3005 523 3058 aut
546 3000 664 3077 querela
690 2999 761 3057 laesi
778 2997 954 3073 cuiusquam,
974 2995 1021 3052 sed

138 3093 268 3154 infensus
285 3096 444 3155 virtutibus
461 3097 594 3174 princeps
620 3101 651 3153 et
676 3094 768 3172 glorie
793 3094 852 3151 viri
878 3111 911 3150 ac
937 3090 1022 3168 pessi-

138 3211 219 3251 mum
245 3192 428 3252 inimicorum
450 3213 549 3271 genus,
572 3194 730 3252 laudantes.
773 3192 814 3250 Et
837 3209 872 3249 ea
894 3190 1023 3247 insecuta

137 3294 208 3348 eunt
221 3290 263 3348 rei
276 3291 407 3366 publicae
427 3297 565 3368 tempora,
586 3308 661 3369 quae
680 3288 759 3347 sileri
777 3285 944 3363 Agricolam
963 3303 1023 3341 non

137 3387 287 3460 sinerent3
316 3393 361 3446 tot
381 3389 524 3446 exer·citus
544 3389 577 3446 in
599 3386 712 3446 Moesia
734 3386 882 3460 Daciaque
903 3389 933 3439 et
955 3381 1023 3438 Ger

137 3484 235 3544 mania
255 3489 285 3542 et
304 3484 457 3543 Pannonia
475 3485 638 3543 temeritate
659 3488 711 3541 aut
731 3501 783 3559 per
800 3478 945 3558 ignaviam
971 3476 988 3533 d
