2392 3788
186 283 223 343 26
454 279 657 340 CORNELII
683 278 827 340 raom

185 431 218 471 ao
239 411 294 470 soli
316 411 448 470 omnium
470 409 612 478 sucinum,
637 410 715 486 quod
739 409 797 486 ipsi
820 409 932 486 glesum
958 417 1073 485 vocant,

185 510 263 568 inter
283 509 359 566 vade
382 514 470 584 atque
491 508 524 564 in
547 507 610 583 ipso
634 507 734 564 littore
757 506 866 582 legrmt
908 506 974 566 Neo
1000 527 1074 585 quae

185 612 300 685 natura,
322 623 433 682 quaeve
455 604 532 662 ratio
553 605 662 680 gignat,
685 609 720 662 ut
743 604 881 675 barbaris,
909 605 1075 681 quaesitum

185 685 402 778 compertumve
408 721 417 775 3
432 700 483 759 diu
493 701 567 777 quin
580 701 670 759 etiam
683 701 763 759 inter
775 706 871 759 catera
884 701 1075 760 eiectamenta

185 801 274 859 maris
300 799 420 869 iacebat,
449 797 540 856 donec
565 797 686 856 luxuria
715 804 816 857 nostra
847 798 929 857 dedit
959 819 1073 860 noman.

186 896 264 975 Ipsis
284 897 317 954 in
338 895 420 954 nullo
443 914 514 969 usu;
535 895 608 954 rude
632 895 748 972 legitur,
773 895 897 954 informe
920 898 1074 972 perfertur,

186 995 371 1072 pretiumque
390 992 532 1051 mirantes
552 993 708 1069 accipiunt.
749 993 858 1052 Sucum
878 1001 979 1053 tamen
996 997 1077 1054 arbo

187 1111 253 1152 rum
267 1111 328 1150 esse
344 1090 499 1167 intelligas,
516 1091 587 1168 quia
599 1096 717 1149 terrena
729 1093 872 1169 quaedam
885 1099 973 1171 atque
988 1095 1077 1153 ctiam

170 1189 318 1248 'volucria
344 1188 481 1247 animalia
507 1187 679 1266 plerumque
706 1190 891 1265 interlucent,
921 1212 995 1269 quae
1024 1193 1077 1250 im-

186 1285 294 1365 plicata
317 1284 438 1342 humore
461 1303 531 1343 mox
558 1285 729 1343 durescente
756 1287 879 1344 materia
906 1288 1076 1347 eluduntur.

188 1382 369 1441 Fecundioru
399 1383 491 1459 igitur
522 1402 641 1442 nemora
673 1369 818 1462 lucosque,
850 1386 927 1444 siout
956 1385 1077 1444 orientis

188 1482 312 1550 secretis,
335 1481 388 1540 ubi
411 1487 479 1539 tura
502 1481 687 1559 balsamaque
711 1483 826 1551 sudant,
850 1483 894 1541 ita
920 1482 1078 1541 occidentis

188 1579 292 1639 insulis
313 1581 457 1657 terrisque
479 1580 574 1638 inesse
597 1581 777 1654 crediderim,
801 1600 877 1657 quae
898 1581 989 1638 vicini
1009 1580 1078 1638 solis

188 1679 277 1737 radiis
299 1697 433 1755 expressa
459 1684 547 1754 atqua
574 1679 719 1756 liquentia
745 1680 778 1737 in
804 1679 972 1757 proximum
997 1696 1078 1736 mare
1191 1673 1192 1768 ,

188 1776 336 1846 labuntur,
361 1795 394 1834 ao
412 1775 444 1833 vi
467 1780 675 1853 tempestatum
694 1777 727 1835 in
746 1776 865 1835 adversa
884 1776 972 1833 litora
987 1793 1077 1833 exun·
1191 1771 1192 1810 l

189 1875 268 1932 dant
300 1873 332 1931 Si
345 1879 481 1932 naturam
495 1874 589 1933 sucini
599 1875 716 1933 admoto
727 1875 794 1952 igno
802 1879 906 1944 tentes,
916 1874 948 1931 in
958 1872 1078 1931 modum

189 1971 291 2030 taedae
326 1971 500 2042 accenditur,
540 1971 650 2048 alitque
686 1972 834 2030 flammam
871 1971 1010 2048 pinguem
1047 1975 1079 2028 et

190 2069 332 2143 olentem;
353 2086 422 2126 mox
437 2068 521 2126 utin
538 2068 632 2143 picem
648 2070 811 2127 resinamve
828 2068 970 2126 lentescit.
1014 2065 1079 2123 Sui·

189 2167 293 2225 onibus
312 2165 450 2224 Sitonum
468 2172 568 2242 gentes
592 2167 808 2227 continuantur.
845 2167 948 2225 (latera
970 2165 1080 2222 similes

190 2281 249 2320 uno
273 2263 420 2336 differunt,
446 2264 525 2340 quod
548 2263 658 2322 femina
679 2265 854 2323 dominatur.
898 2262 937 2320 In
960 2266 1079 2320 tantum

189 2378 250 2418 non
272 2360 358 2417 modo
379 2379 397 2417 a
420 2359 566 2431 libertate,
584 2361 741 2421 sedetiam
760 2381 777 2420 a
797 2361 938 2420 seruitute
959 2359 1079 2437 degene-

190 2461 267 2514 rant.
308 2455 370 2513 Hic
384 2455 508 2514 Sueviae
522 2455 595 2515 linis.

191 2657 269 2700 xnvr.
315 2640 413 2698 Tritos
435 2639 473 2715 of
488 2639 622 2715 doubtful
644 2640 819 2716 aatiouality
842 2639 928 2698 adorat
950 2639 995 2697 ila
1021 2638 1082 2698 Vo-

231 2728 301 2786 tula.
345 2726 403 2786 Pla
433 2726 566 2795 Peucini,
601 2726 704 2801 chcli,
733 2727 835 2787 Feretri.
878 2725 990 2802 Savaqa
1019 2726 1084 2786 aud

230 2814 377 2874 miserebis
390 2813 442 2890 lisa
456 2813 547 2889 ofilio
559 2813 665 2872 Fcuui.
705 2814 853 2873 Fuiulous
865 2814 956 2872 tribes.

251 2944 368 3004 XLVI.
405 2943 603 3002 Peucinorum
616 2943 856 3021 Venetorumque
870 2948 900 3001 et
914 2941 1081 3001 Fennorum

191 3041 324 3099 nationes
360 3039 515 3098 Germanis
544 3058 584 3097 an
618 3038 760 3098 Sarmatis
790 3039 939 3110 ascribam,
969 3037 1081 3111 dubito,

192 3157 369 3217 quamquam
391 3137 521 3208 Peucini,
545 3156 619 3214 quos
642 3136 761 3214 quidam
785 3137 944 3195 Bastarnas
965 3141 1081 3208 vocant,

192 3253 331 3307 sermone,
351 3234 442 3306 cultu,
468 3234 535 3291 sede
553 3253 586 3291 ac
603 3234 756 3292 domiciliis
774 3241 810 3294 ut
825 3233 963 3292 Germani
980 3239 1080 3310 agunt
1100 3287 1104 3294 .

194 3333 297 3391 Sordes
311 3332 450 3405 omnium,
465 3351 499 3390 ao
514 3337 615 3410 torpor
629 3351 781 3410 procerum
787 3354 797 3407 ;
819 3333 971 3391 connubiis
987 3333 1084 3392 mistis

193 3430 329 3488 nonnihil
341 3430 375 3488 in
389 3429 589 3487 Sarmatarum
601 3430 735 3492 habitum
748 3431 911 3490 foedantur.

254 3529 365 3587 Veneti
379 3527 507 3590 multum
525 3545 562 3588 ax
577 3529 706 3591 moribus
724 3535 896 3606 traxerunt,
916 3549 984 3588 nem
1003 3530 1083 3610 quio-
