2392 3788
283 267 499 328 cnnMANJA
527 266 861 330 xxxviia—XLV.
977 270 1015 329 25

128 399 300 460 libertatem.
343 400 484 458 Protinus
520 401 624 460 deinde
655 403 693 460 ab
719 402 835 462 Oceano
863 401 955 479 Rugii
985 409 1016 462 et

128 497 269 572 Lemovii,
283 499 472 575 omniumque
488 497 593 558 harum
609 500 741 576 gentium
759 500 873 576 insigne
889 501 1016 560 rotunda

127 601 218 668 scuta,
233 597 335 656 breves
347 597 439 673 gladii
452 602 482 655 et
496 616 564 674 erge
577 616 658 674 reges
673 597 850 674 obsequium.

186 693 305 753 XLIV.
348 693 490 752 Suionum
512 693 582 752 hino
604 693 738 753 civitates
761 694 878 771 ipsein
900 693 1016 756 Oceano

127 797 242 868 praeter
251 794 329 852 viros
343 811 480 870 armaque
493 792 631 854 elassibus
644 792 751 854 valent.
775 793 882 858 Forma
894 795 1014 858 navium

127 906 161 946 eo
182 887 287 966 differt,
309 888 389 965 quod
413 889 563 965 utrimque
584 908 671 966 prora
688 894 821 967 paratam
838 909 951 968 semper
966 910 1015 971 op-

127 983 226 1061 pulsui
250 985 377 1042 frontem
409 985 478 1060 agit
527 983 592 1042 Neo
618 985 691 1043 velis
717 985 932 1057 ministrantur,
960 1005 1014 1048 nec

126 1099 220 1142 remos
233 1080 265 1139 in
279 1080 411 1140 ordinem
424 1080 565 1139 lateribus
579 1080 743 1157 adiungunt
749 1101 759 1154 ;
779 1081 916 1157 solutum,
928 1089 964 1144 ut
980 1069 1014 1144 in

127 1178 301 1253 quibusdam
320 1177 482 1252 fluminum,
503 1183 533 1236 et
551 1176 700 1250 mutabile,
718 1183 815 1237 utres
830 1180 931 1256 poscit,
944 1179 1013 1242 hinc
1027 1233 1044 1244 ,,

126 1276 173 1333 vel
193 1274 275 1334 illinc
293 1275 454 1353 remigium.
497 1273 552 1332 Est
566 1275 645 1352 apud
664 1273 730 1332 illos
748 1281 778 1333 et
793 1276 897 1352 opibus
911 1276 1011 1352 honos,

127 1390 218 1448 eoque
236 1390 312 1430 unus
329 1371 487 1448 imperitat,
506 1370 598 1428 nullis
618 1370 678 1428 iam
701 1372 928 1449 exceptionibus,
952 1385 1013 1432 non

126 1469 255 1546 precario
278 1470 342 1529 iure
365 1469 493 1548 parendi.
536 1468 600 1528 Nec
622 1488 713 1541 arma,
738 1475 774 1530 ut
799 1472 877 1549 apud
903 1477 1012 1533 ceteros

127 1571 294 1645 Germanou,
313 1574 346 1630 in
367 1571 538 1650 promiscuo,
562 1573 613 1631 sed
635 1572 732 1631 clausa
752 1573 807 1631 sub
829 1575 958 1646 custode,
981 1583 1013 1638 et

125 1667 244 1743 quidem
255 1687 347 1740 servo,
366 1669 437 1746 quia
453 1669 564 1728 subitos
581 1669 710 1728 hostiurn
730 1670 863 1729 incursus
877 1673 1012 1749 prohibet

127 1763 266 1838 Oceanus,
289 1764 382 1822 otiosa
399 1783 485 1841 porro
505 1770 684 1823 armatorum
703 1786 806 1825 manus
825 1767 910 1828 facile
930 1769 1011 1830 lasci-

126 1860 221 1922 viunt.
264 1860 422 1919 Enimvero
448 1879 543 1938 neque
570 1861 697 1920 nobilem
724 1882 818 1940 neque
841 1865 1009 1943 ingenuum,

126 1976 164 2016 ne
177 1957 346 2016 libertinum
364 1957 482 2036 quidem
505 1957 594 2017 armis
607 1977 783 2035 praeponere
804 1961 884 2038 regia
897 1964 1011 2029 utilitas

126 2062 176 2114 est.

185 2153 285 2213 XLV.
326 2155 420 2214 Trans
443 2155 567 2214 Suionas
600 2155 681 2214 aliud
713 2176 802 2228 mare,
828 2159 944 2236 pigrum
977 2181 1011 2226 sc

125 2271 214 2330 prope
236 2252 399 2325 immotum,
419 2272 477 2330 quo
495 2254 573 2330 cingi
592 2252 728 2330 cludique
747 2260 892 2314 terrarum
912 2259 1011 2324 orbem

2 2327 3 2332 ἵ
124 2349 194 2409 hine
214 2349 292 2422 fides,
316 2350 396 2427 quod
417 2355 566 2410 extremus
589 2350 719 2410 cedentis
739 2351 888 2412 iamsolis
914 2353 1011 2431 fulgor

124 2449 157 2506 in
169 2454 250 2507 ortus
264 2450 368 2508 edurat
381 2449 452 2508 adeo
465 2450 568 2518 clerus,
578 2456 614 2509 ut
626 2449 721 2508 sidera
733 2449 858 2510 hebetet.
900 2451 1010 2516 Senum

124 2547 244 2624 insuper
256 2547 430 2623 emergentis
443 2547 545 2619 audiri,
561 2547 724 2624 formasque
737 2548 857 2606 deorum
872 2555 902 2607 et
914 2549 1010 2609 radios

124 2643 227 2720 eapitis
245 2643 334 2720 aspici
351 2644 499 2720 persuasio
517 2643 623 2704 adiicit.
667 2643 744 2701 Illuc
762 2663 854 2721 usque
872 2643 1010 2724 (etfama

2 2757 3 2772 ¹
123 2741 204 2821 vera)
219 2748 336 2801 tantum
349 2748 462 2803 natura.
506 2743 584 2820 Ergo
597 2743 656 2800 iam
673 2743 777 2802 dextro
790 2744 905 2803 Snevici
921 2748 1010 2804 meris

122 2839 208 2898 litore
239 2839 410 2898 Aestiorum
446 2845 548 2916 gentes
584 2839 744 2913 alluuntur,
787 2841 894 2916 quibus
934 2843 1010 2900 ritus

123 2934 297 3013 habitusque
329 2936 500 3011 Suevorum,
531 2937 633 3014 lingua
664 2938 852 2998 Britannicae
882 2940 1007 3016 propior.

123 3033 252 3094 Matrem
287 3035 375 3094 deum
412 3040 606 3108 venerantum
645 3035 760 3112 insigne
796 3038 1010 3114 superstitionis

122 3133 229 3192 formas
250 3153 387 3212 aprorum
408 3139 531 3210 gestant.
575 3133 613 3193 Id
636 3153 689 3210 pro
709 3133 797 3192 armis
821 3135 1009 3213 omniumque

122 3231 218 3290 tutela
244 3250 377 3292 securum
411 3231 482 3289 deae
515 3230 656 3290 cultorem
686 3231 775 3289 etiam
806 3231 885 3290 inter
913 3230 1010 3290 hostes

122 3335 259 3407 praestet.
302 3330 399 3390 Rarus
419 3329 498 3400 ferri,
520 3329 656 3405 frequens
675 3327 798 3388 firstium
819 3347 895 3387 usus
939 3327 1011 3386 Fru-

122 3432 223 3486 menta
244 3433 409 3503 ceterosque
426 3427 539 3486 fruetus
560 3426 720 3504 patientius
741 3445 829 3511 quam
849 3445 903 3503 pro
924 3426 1011 3484 solita

125 3524 336 3586 Germanorum
349 3526 457 3588 ine1tia
469 3526 610 3589 laborant.
637 3524 694 3586 Sed
704 3531 822 3586 otmaro
833 3529 1008 3584 scrutantur.
