2390 3782
307 251 510 312 Aculeone
541 249 819 311 XXII-XXIV.
967 247 1000 310 17

116 389 152 442 ut
165 383 314 468 silentium
324 385 390 442 ‘eius
402 403 463 442 non
472 384 610 456 timeres3
623 383 773 442 honestius
780 369 908 458 'putabet
918 382 1005 440 offen-

116 485 185 542 dere
199 504 286 560 quam
300 483 400 544 odisse.
469 561 472 566 Ι
521 539 526 549 .

178 580 306 654 XXIII.
350 581 462 651 Quarta
488 585 582 639 aestas
609 577 782 649 obtinendis,
807 595 881 656 quae
907 593 1006 653 percu·

117 682 255 746 currerat,
269 677 426 755 insumpto,
442 697 483 746 ee,
494 678 518 734 si
532 677 627 734 virtus
640 677 822 735 exercituum
834 680 866 732 et
879 674 1005 733 Romani

117 774 244 832 nominis
263 773 355 850 gloria
378 773 697 850 peteretur,'inventus
717 774 751 831 in
768 773 832 850 ipsa
850 772 1005 830 Britannia

117 870 272 928 terminus·
311 868 448 946 Namque
470 869 556 927 Clota
571 874 602 927 et
624 867 770 941 Bodotria,
791 869 899 926 diversi
916 861 1005 924 maris

117 965 247 1022 aestibus
272 983 325 1041 per
348 964 521 1022 immensum
544 969 683 1036 resectae,
710 969 834 1040 angusto
859 968 1005 1020 terrerum

117 1061 212 1138 spatio
235 1062 422 1134 dirimuntur,
445 1061 523 1138 quod
544 1071 609 1118 tum
636 1055 787 1137 praesidiis
802 1050 1004 1132 'firmabatur3

116 1165 207 1236 etque
227 1160 321 1218 omnis
340 1160 457 1237 propior
476 1153 560 1218 sinus
575 1153 738 1232 tenebetur,
753 1159 904 1218 summotis
922 1155 1006 1216 velut

117 1252 150 1314 in
163 1251 252 1316 eiiam
264 1259 391 1318 insulam
404 1258 544 1318 hostibus.

179 1347 302 1416 XXIV.
345 1355 457 1426 Quinto
477 1355 697 1432 expeditionum
716 1375 793 1414 anno
814 1375 889 1414 neve
911 1353 1005 1433 prima

117 1442 311 1532 transgressus
325 1454 439 1531 ignotas
451 1453 496 1512 ‘ed
508 1454 540 1511 id
552 1459 668 1532 tempus
683 1459 785 1530 gentes
798 1453 905 1511 crebris
918 1453 1003 1510 simul
1120 1525 1124 1536 Ι

117 1569 151 1608 ac
160 1550 303 1628 prosperis
313 1550 429 1626 proeliis
437 1549 558 1622 domuit,
570 1569 691 1627 eamque
701 1557 815 1626 partem
825 1549 1003 1620 Britanniae,

117 1667 193 1724 quae
207 1647 382 1704 Hiberniam
390 1646 501 1725 aspicit,
511 1647 600 1725 copiis
613 1647 762 1718 instruxit,
775 1647 808 1704 in
821 1666 901 1722 spem
914 1647 1005 1723 magis

117 1761 207 1820 quam
220 1739 257 1801 ob
275 1743 467 1817 formidinem,
483 1744 509 1802 si
526 1745 643 1822 quidem
662 1744 808 1802 Hibernia
820 1744 915 1800 medio
928 1743 1006 1801 inter

118 1839 305 1899 Britanniam
324 1847 412 1918 etque
435 1841 611 1918 Hispaniam
631 1841 688 1898 sita
708 1845 740 1898 ct
762 1839 872 1898 Gallico
890 1858 1005 1916 quoque

118 1937 195 1994 meri
208 1943 372 2014 opportuna
384 1937 613 1996 valentissimam
625 1938 741 2014 imperii
760 1941 874 2014 partem
893 1937 1005 2012 magnis

4 2027 5 2054 ¹
117 2033 245 2091 invicem
258 2035 359 2092 usibus
372 2035 528 2094 miscuerit,
564 2034 698 2112 Spatium
712 2035 781 2107 eius,
797 2036 822 2092 si
835 2033 1005 2092 Britanniae

117 2136 309 2206 componetur,
335 2131 495 2207 angustius,
519 2125 613 2189 nostri
633 2131 722 2189 meris
745 2130 856 2189 insulas
879 2135 1003 2206 superat.

117 2227 221 2285 Solum
235 2228 403 2304 coelumque
416 2233 447 2285 et
461 2228 579 2304 ingenia
596 2228 749 2305 cultusque
762 2228 913 2285 hominum
926 2226 1006 2284 haud

116 2323 247 2381 multum
260 2322 442 2383 eBrita-nnie
452 2324 592 2385 differunt
598 2346 608 2399 ;
623 2326 727 2383 melius
740 2325 838 2389 editus
847 2331 1006 2402 portusque

116 2440 171 2497 per
187 2422 358 2480 commercia
377 2429 408 2480 et
427 2423 621 2500 negotiatores
641 2423 770 2499 cogniti..
800 2421 939 2498 Agricola
959 2440 1006 2478 ex-

117 2518 237 2594 pulsum
260 2519 401 2594 seditione
423 2519 692 2577 domestioaunum
715 2538 754 2576 ex
777 2519 884 2596 regulis
910 2517 1006 2593 gentis

118 2620 282 2690 exceperat,
296 2633 330 2672 ac
344 2615 437 2692 specie
450 2611 596 2672 amicitiae
609 2616 641 2673 in
662 2615 838 2673 occasionem
850 2612 1005 2670 retinebat.

118 2709 211 2787 Saepe
236 2729 329 2769 exeo
352 2711 454 2769 audivi
473 2711 586 2787 legione
610 2730 670 2769 una
692 2717 723 2768 et
744 2710 864 2768 modicis
887 2708 1006 2766 auxiliis

117 2804 258 2864 debellari
282 2808 466 2884 obtinerique
493 2807 669 2866 Hiberniam
694 2827 784 2885 posse,
806 2809 894 2885 idque
918 2807 1007 2866 etiam

115 2903 259 2962 adversus
279 2903 464 2963 Britanniam
487 2907 682 2983 profuturum,
700 2907 725 2964 si
743 2899 878 2964 Romane
898 2903 1006 2982 ubique

116 3019 208 3074 erma,
223 3005 253 3057 et
266 3000 349 3058 velut
362 3021 378 3059 e
392 3009 547 3078 conspectu
560 3003 680 3061 libertas
693 3003 852 3062 tolleretur.

117 3160 314 3224 xxm-xxm
332 3193 334 3198 .
357 3163 385 3206 a.
392 3165 420 3207 1).
438 3147 552 3208 83.-u.
559 3167 586 3208 Ι).
604 3151 651 3208 84.
685 3150 823 3226 Apricolc
835 3147 1006 3208 undertakes

158 3255 200 3294 un
221 3235 383 3310 saepedictos
407 3237 443 3312 by
459 3257 507 3294 scu
525 3236 676 3296 andland
696 3248 722 3296 to
742 3238 785 3296 ue
803 3237 944 3310 sortitos
963 3236 1006 3292 tte

157 3323 308 3397 Bodotria,
323 3323 386 3382 oud
398 3325 424 3382 ie
436 3331 491 3382 met
506 3325 542 3400 by
556 3347 576 3383 a
591 3325 803 3400 confederation
818 3323 856 3397 os
868 3324 911 3381 tlte
927 3322 1006 3381 Ocio-

156 3411 271 3470 donisn
284 3412 367 3471 tribes
380 3411 442 3470 oto
456 3413 537 3471 make
550 3435 570 3471 c
582 3413 693 3472 sudden
706 3411 898 3485 audsurious
911 3407 1005 3467 attuolc

158 3519 197 3557 on
210 3498 254 3556 tte
269 3499 317 3559 stt
330 3499 429 3576 icpion,
444 3501 494 3560 but
507 3521 556 3560 esre
574 3499 736 3574 ultimately
750 3495 884 3573 defccwd.
928 3494 1006 3570 They

196 3612 263 3656 uu.
908 3593 924 3646 2
