2390 3782
187 256 205 312 2
360 267 363 272 ’
442 251 644 315 CORNELII
670 251 813 313 raom

246 385 289 445 Π.
339 385 483 462 Legimus,
517 404 608 461 quum
640 383 774 440 Aruleno
806 383 928 441 Rustico
962 384 1070 445 Paetus

187 485 319 556 Thrasea,
343 484 494 541 Herennio
520 481 672 539 Senecioni
694 479 810 538 Priscus
832 479 990 542 Helvidius
1009 483 1071 544 lau·

187 582 250 642 dati
268 586 370 652 essent,
389 581 512 656 capitale
530 580 626 651 fuisse,
647 597 740 654 neque
757 579 790 636 in
808 578 885 654 ipsos
902 579 988 636 modo
1006 599 1072 638 auo·

189 683 272 749 tores,
292 677 393 734 sedin
410 676 499 734 libros
517 695 634 753 quoque
652 693 752 732 eorum
770 675 920 746 saevitum,
941 673 1071 751 delegato

186 775 349 834 triumviris
376 774 546 842 ministerio,
570 779 606 831 ut
632 779 821 832 monumenta
847 772 1071 834 clarissimorum

187 871 369 947 ingeniorum
383 869 415 928 in
429 870 545 928 comitio
559 889 592 928 ac
607 870 669 927 foro
682 876 844 930 urerentur.
887 869 1004 931 Scilicet
1019 872 1072 928 illo

187 965 254 1044 igne
275 984 374 1024 vocem
394 967 496 1044 populi
518 967 645 1024 Romani
667 978 697 1024 et
717 967 882 1025 libertatem
904 973 1021 1028 senatus
1040 974 1072 1028 et

187 1064 391 1123 conscientiam
419 1064 531 1141 generis
559 1061 680 1122 humani
708 1065 817 1122 aboleri
844 1065 1070 1136 arbitrabantur,

187 1161 316 1238 expulsis
335 1161 455 1238 insuper
474 1160 632 1236 sapientiae
652 1162 860 1237 professoribus
883 1167 971 1238 atque
993 1161 1073 1220 omni

189 1258 263 1314 bona
280 1265 344 1314 arte
361 1257 529 1315 inexilium
547 1263 618 1329 acta,
639 1275 676 1312 ne
694 1255 766 1332 quid
779 1259 902 1334 usquam
917 1256 1072 1316 honestum

187 1358 356 1411 occurreret.
400 1351 542 1409 Dedimus
556 1353 682 1428 profecto
695 1353 805 1428 grande
817 1355 976 1430 patientiae
990 1354 1074 1413 docu-
1187 1381 1188 1388 ¹

187 1455 336 1520 mentum3
357 1454 387 1506 et
405 1449 481 1506 siout
499 1454 583 1506 vetus
601 1454 680 1507 aetas
698 1451 783 1522 vidit,
797 1451 868 1529 quid
886 1446 1074 1512 ultimum'in

187 1543 321 1603 libertate
336 1549 418 1617 esset,
434 1545 477 1602 ita
495 1562 554 1616 nos,
570 1545 641 1621 quid
659 1546 691 1602 in
709 1547 857 1620 servitute,
873 1547 1007 1626 adempto
1021 1566 1074 1623 per

187 1640 390 1718 inquisitiones
413 1641 501 1700 etiam
521 1641 669 1718 loquendix
680 1642 875 1720 audiendique
893 1644 1071 1703 commercio.

190 1739 360 1822 Memoriam
380 1758 495 1816 quoque
513 1741 605 1816 ipsam
626 1759 692 1803 cum
704 1759 780 1820 ¹voce
799 1740 1027 1816 perdidissemus
1048 1742 1074 1802 si
1136 1747 1139 1752 '

187 1841 249 1894 tam
262 1837 295 1893 in
308 1842 409 1893 nostra
422 1840 566 1911 potestate
580 1843 654 1893 esset
668 1837 798 1894 oblivisci
812 1856 899 1914 quam
912 1843 1017 1897 tacere.

248 1932 309 1992 III.
352 1932 441 1991 Nunc
461 1933 577 1990 demum
598 1934 674 1991 redit
692 1935 820 2006 animus;
846 1940 876 1992 et
897 1953 1074 2020 quamquam

187 2030 281 2108 primo
299 2031 399 2089 statim
417 2031 577 2088 beatissimi
595 2030 748 2089 seculit
701 2050 735 2088 01
736 2036 769 2088 tu
788 2031 888 2094 Nerva
905 2031 1010 2090 Caesar
1026 2051 1074 2090 res

188 2128 259 2186 olim
282 2126 476 2185 dissociabiles
499 2127 655 2198 miscuerit,
680 2128 880 2204 principatum
900 2147 933 2186 ac
956 2115 1074 2189 liberta·

188 2231 256 2299 tem,
274 2231 434 2302 augeatque
453 2226 583 2302 quotidie
604 2225 803 2283 felicitatemt
791 2231 952 2303 temporum
973 2228 1074 2287 Nerva

188 2322 339 2394 Traianus,
354 2342 407 2380 nec
423 2341 504 2398 spem
522 2322 606 2380 modo
620 2342 652 2381 ac
666 2330 770 2381 votum
786 2322 930 2382 Securitas
948 2324 1073 2401 publica,

189 2420 240 2478 sed
257 2420 348 2496 ipsius
365 2420 427 2478 voti
447 2419 582 2478 fiduciam
600 2438 633 2478 ac
650 2420 739 2476 robur
756 2421 949 2498 assumpserit,
967 2403 1074 2482 natura

189 2524 287 2576 tamen
313 2517 491 2576 infirmitatis
517 2517 662 2596 humanae·
691 2517 819 2576 tardiora
850 2524 920 2576 sunt
946 2503 1074 2580 remedia

190 2603 278 2694 quam
291 2618 367 2676 mala
373 2637 387 2689 ς,
404 2623 435 2674 et
451 2622 485 2675 ut
499 2631 616 2693 corpora
628 2620 728 2673 nostra
743 2615 821 2674 lente
835 2623 999 2694 augescunt,
1014 2618 1073 2677 cito

190 2715 412 2791 extinguuntur,
426 2716 466 2772 sic
479 2715 596 2792 ingenia
609 2709 762 2790 studiaque
775 2715 948 2796 oppresseris
960 2697 1074 2797 facilius

190 2831 277 2888 quam
291 2812 477 2869 revocaveris.
521 2811 607 2868 Subit
620 2811 727 2887 quippe
741 2811 854 2868 etiam'
847 2812 937 2890 rpsius
951 2809 1027 2867 inert
1028 2811 1074 2893 iae

190 2907 319 2980 dulced0,
348 2912 378 2963 et
403 2906 499 2962 invisa
524 2905 618 2982 primo
642 2906 751 2962 desidia
777 2914 922 2987 postremo
949 2912 1073 2988 amatur

191 3002 287 3074 Quidi
311 3004 408 3080 siper
428 3002 593 3078 quindecim
613 3021 711 3074 annos,
733 3003 859 3083 grande
864 2981 995 3086 mortaiis
1009 3005 1076 3089 aevi

189 3100 325 3193 spatium,
347 3097 434 3155 multi
455 3097 585 3155 fortuitis
603 3099 723 3178 casibus,
734 3080 979 3185 promptissimis
989 3100 1077 3186 quis·

190 3218 249 3274 que
273 3188 395 3254 saevitia
425 3194 570 3278 principis
593 3173 815 3278 interciderunt,
835 3194 934 3282 pauci,
962 3200 1000 3268 et,
1028 3199 1076 3284 uti

190 3293 321 3370 dixerim,
344 3312 404 3364 non
427 3293 513 3351 modo
533 3289 665 3364 aliorum,
687 3271 846 3350 sedetiam
866 3291 961 3353 nostri
979 3312 1076 3370 super-

189 3391 273 3447 stites
291 3409 398 3462 sumus,
413 3391 580 3468 exemptis
574 3410 589 3448 e
607 3389 702 3447 media
719 3387 763 3442 vit
764 3407 781 3471 a
797 3371 854 3468 tot
862 3390 954 3462 annia,
970 3374 1076 3466 quibus

191 3486 308 3562 iuvenes
328 3485 365 3544 ad
385 3503 469 3543 senec
470 3483 572 3562 tutem,
591 3485 673 3544 senes
693 3503 783 3562 prope
803 3485 868 3570 ad'
859 3505 936 3570 ipsos
957 3493 1076 3575 exactae
1187 3473 1188 3506 ³
