2390 3782
177 203 196 261 4
441 199 644 262 CORNELII
673 197 814 260 raom

177 330 470 407 crectumingenium
487 317 735 406 pulchritudinem
752 349 786 388 ac
803 330 926 407 speciem
940 349 1062 408 magnae

176 426 360 504 excelsaeque
379 427 488 504 gloriae
511 427 712 486 vehementius
733 447 822 505 quam
842 435 926 487 caute
944 436 1061 508 appete·

176 524 235 582 bat,
277 522 351 582 Mox
370 523 518 600 mitigavit
534 523 609 582 ratio
627 529 659 581 et
676 530 763 596 aetas,
778 524 967 603 retinuitque,
983 527 1061 604 quod

176 625 221 678 est
234 619 447 692 difficillimum,
463 639 501 677 ex
514 620 656 696 sapientia
669 621 796 680 modum.

233 717 275 778 V.
315 717 416 776 Prima
449 724 609 776 castrorum
643 717 810 779 rudimenta
842 719 876 776 in
906 719 1062 780 Britannis

175 813 314 873 Suetonio
346 812 480 887 Paulino,
511 813 645 890 diligenti
671 833 705 872 ac
731 815 880 873 moderato
904 816 980 888 duci,
1012 835 1060 894 ap·

173 911 309 988 probavit
331 911 447 984 electus,
462 929 550 990 quem
571 909 759 968 contubernio
781 912 955 970 aestimaret
997 911 1060 974 Nec

174 1004 313 1082 Agricola
338 1006 467 1080 licenter,
498 1026 577 1064 more
607 989 765 1080 iuvenum,
782 1008 834 1084 qui
860 1008 998 1068 militiam
1027 1009 1060 1067 in

174 1103 321 1162 lasciviam
347 1111 477 1176 vertunt,
506 1125 601 1182 nequa
627 1106 754 1182 segniter
778 1107 816 1164 ad
838 1107 1004 1186 voluptates
1030 1113 1060 1166 et

174 1206 349 1260 commeatus
370 1202 494 1260 titulum
514 1203 684 1261 tribunatus
705 1208 737 1260 et
756 1202 904 1262 inscitiam
924 1204 1040 1264 rettulit
1049 1225 1058 1278 3

173 1299 224 1362 scd
249 1317 365 1357 noscere
392 1300 581 1377 provinciam,
614 1303 695 1359 nosci
725 1302 875 1373 exercitui,
907 1303 1016 1361 discere
1041 1322 1060 1362 e

172 1395 284 1472 peritis,
303 1397 386 1473 sequi
406 1397 541 1473 optimos,
561 1397 637 1456 nihil
658 1403 794 1474 appetere
809 1398 843 1455 in
863 1399 1058 1471 iactationem,

173 1489 248 1548 nihil
268 1492 305 1548 ob
323 1491 510 1551 formidinem
526 1511 666 1561 recusare,
685 1492 830 1570 simulque
851 1499 883 1551 et
903 1494 1008 1551 anxius
1028 1499 1059 1552 et

173 1587 305 1645 intentus
322 1607 413 1664 agere.
464 1587 534 1645 Non
555 1607 623 1646 sane
645 1587 717 1646 alias
735 1589 889 1646 excitatior
911 1589 1058 1666 magisque

172 1685 205 1744 in
228 1685 363 1760 ambiguo
386 1684 541 1742 Britannia
563 1685 629 1744 fuit.
671 1684 822 1743 Trucidati
847 1686 991 1758 veterani,
1016 1686 1062 1743 in-

134 1777 136 1782 ’
173 1800 272 1838 censae
290 1781 426 1855 coloniae,
446 1783 601 1860 intercepti
622 1783 767 1841 exercitus
776 1803 786 1856 ;
807 1788 873 1840 tum
894 1783 932 1840 de
954 1783 1058 1855 salute,

172 1897 241 1936 mox
254 1877 427 1938 devictoris
439 1884 594 1940 certavere.
637 1879 718 1950 Quae
736 1884 843 1937 cuncta
858 1879 914 1937 etsi
930 1879 1057 1937 consiliis

172 1976 321 2053 ductuque
337 1976 458 2035 alterius
478 1979 647 2054 agebantur,
666 1997 701 2036 ac
718 1997 832 2036 summa
849 1997 948 2035 rerum
963 1983 995 2036 et
1013 1997 1056 2035 re·

172 2077 324 2147 superatae
340 2071 506 2148 provinciae
523 2073 616 2150 gloria
631 2074 664 2132 in
679 2073 781 2132 ducem
800 2074 895 2143 cessit,
912 2080 1003 2131 artem
1027 2080 1058 2132 et

171 2188 257 2228 mum
271 2174 302 2228 et
314 2169 448 2228 stimulos
460 2171 599 2230 addidere
613 2171 722 2242 iuveni,
735 2171 916 2247 intravitque
926 2173 1056 2228 animum

157 2266 308 2345 ¹militaris
331 2266 438 2344 gloriae
460 2267 574 2344 cupido,
598 2269 715 2344 ingrata
740 2267 927 2344 temporibus,
950 2268 1058 2344 quibus

171 2365 289 2422 sinmtra
302 2383 370 2442 erga
391 2365 552 2423 eminentes
569 2365 781 2442 interpretatio,
797 2383 852 2423 nec
867 2363 965 2422 minue
984 2363 1057 2442 peri·

171 2462 270 2520 culum
283 2481 320 2520 ex
333 2481 438 2539 magna
450 2462 528 2520 fama
540 2481 628 2539 quam
642 2479 681 2519 ex
692 2461 777 2521 mela.

230 2556 288 2617 VL
330 2558 411 2617 Hinc
434 2559 472 2616 ad
492 2558 678 2636 capessendos
696 2557 882 2635 magistratus
901 2557 935 2614 in
954 2557 1057 2616 urbem

170 2654 314 2732 digressus
337 2653 500 2712 Domitiam
520 2653 718 2727 Decidianam,
735 2653 893 2731 splendidis
910 2652 1057 2711 natalibus

171 2757 274 2825 ortam,
301 2751 359 2810 sibi
384 2751 492 2822 iunxit,
519 2750 609 2829 idque
636 2750 857 2809 matrimonium
882 2749 920 2806 ad
946 2749 1057 2808 maiora

170 2849 279 2908 nitenti
301 2850 386 2908 decus
407 2868 441 2906 ac
458 2850 547 2907 robur
566 2850 632 2908 fuit.
673 2848 881 2926 Vixeruntque
899 2848 975 2906 mira
992 2867 1058 2906 con·

170 2945 269 3003 cordia
292 2965 347 3023 per
371 2951 506 3004 mutuam
531 2947 682 3004 caritatem
709 2952 740 3005 et
765 2947 892 3004 invicem
918 2963 950 3004 ee
975 2949 1056 3003 ante-

169 3043 312 3120 ponendo,
330 3043 388 3100 nisi
411 3042 490 3120 quod
509 3043 542 3101 in
561 3044 637 3102 bona
657 3061 749 3102 uxore
769 3047 854 3101 tanto
871 3042 963 3101 maior
982 3041 1054 3115 laus,

170 3145 281 3215 quanto
299 3139 331 3196 in
347 3139 424 3197 mela
437 3139 503 3216 plus
516 3137 619 3218 culpae
630 3144 683 3199 est.
724 3139 793 3198 Sors
805 3143 978 3216 quaesturae
990 3156 1056 3214 pro·

170 3234 296 3293 vinciam
313 3235 427 3311 Asiam,
440 3237 640 3314 proconsulem
656 3235 787 3294 Salvium
801 3235 952 3294 Titianum
964 3235 1054 3293 dedit.

171 3333 304 3403 Quorum
316 3340 423 3394 ncutm
435 3342 589 3413 corruptus
601 3341 654 3409 est,
669 3351 846 3413 quamquam
860 3338 892 3392 et
906 3330 1056 3409 provincia

169 3431 251 3491 dives
274 3451 307 3491 ac
329 3440 431 3514 parata
450 3435 642 3514 peccantibus,
665 3438 695 3493 et
715 3433 869 3514 proconsul
886 3434 918 3491 in
938 3449 1054 3491 omnem
