<?xml version="1.0" encoding="UTF-8"?>
<!DOCTYPE html PUBLIC "-//W3C//DTD XHTML 1.0 Transitional//EN"
    "http://www.w3.org/TR/xhtml1/DTD/xhtml1-transitional.dtd">
<html xmlns="http://www.w3.org/1999/xhtml" xml:lang="en" lang="en">
 <head>
  <title>
</title>
<meta http-equiv="Content-Type" content="text/html;charset=utf-8" />
  <meta name='ocr-system' content='tesseract 3.04.00' />
  <meta name='ocr-capabilities' content='ocr_page ocr_carea ocr_par ocr_line ocrx_word'/>
</head>
<body>
  <div class='ocr_page' id='page_1' title='image "./agricolaandgerm05tacigoog_0052.png"; bbox 0 0 2390 3782; ppageno 0'>
   <div class='ocr_carea' id='block_1_1' title="bbox 300 232 1004 304">
    <p class='ocr_par' dir='ltr' id='par_1_1' title="bbox 300 232 1004 304">
     <span class='ocr_line' id='line_1_1' title="bbox 300 232 1004 304; baseline 0.009 -12"><span class='ocrx_word' id='word_1_1' title='bbox 300 232 501 295; x_wconf 79' lang='lat' dir='ltr'><em>AGRIOOLA</em></span> <span class='ocrx_word' id='word_1_2' title='bbox 530 232 823 296; x_wconf 68' lang='lat' dir='ltr'>XXX-XXXII.</span> <span class='ocrx_word' id='word_1_3' title='bbox 967 240 1004 304; x_wconf 74' lang='lat'><strong>23</strong></span> 
     </span>
    </p>
   </div>
   <div class='ocr_carea' id='block_1_2' title="bbox 109 368 1005 1908">
    <p class='ocr_par' dir='ltr' id='par_1_2' title="bbox 109 368 1005 1908">
     <span class='ocr_line' id='line_1_2' title="bbox 112 368 1004 446; baseline 0.008 -20"><span class='ocrx_word' id='word_1_4' title='bbox 112 375 182 426; x_wconf 87' lang='lat' dir='ltr'><strong>sunt</strong></span> <span class='ocrx_word' id='word_1_5' title='bbox 193 388 202 441; x_wconf 82' lang='lat'>3</span> <span class='ocrx_word' id='word_1_6' title='bbox 223 373 275 426; x_wconf 78' lang='lat' dir='ltr'><strong>erit</strong></span> <span class='ocrx_word' id='word_1_7' title='bbox 288 368 370 427; x_wconf 86' lang='lat' dir='ltr'><strong>nulle</strong></span> <span class='ocrx_word' id='word_1_8' title='bbox 383 368 528 446; x_wconf 88' lang='lat' dir='ltr'><strong>plerisque</strong></span> <span class='ocrx_word' id='word_1_9' title='bbox 542 369 638 445; x_wconf 86' lang='lat' dir='ltr'><strong>patrie</strong></span> <span class='ocrx_word' id='word_1_10' title='bbox 651 375 705 427; x_wconf 86' lang='lat' dir='ltr'><strong>eut</strong></span> <span class='ocrx_word' id='word_1_11' title='bbox 721 369 779 428; x_wconf 87' lang='lat' dir='ltr'><strong>elia</strong></span> <span class='ocrx_word' id='word_1_12' title='bbox 798 376 849 434; x_wconf 81' lang='lat' dir='ltr'><strong>est.</strong></span> <span class='ocrx_word' id='word_1_13' title='bbox 892 371 1004 432; x_wconf 83' lang='lat' dir='ltr'><strong>Paucos</strong></span> 
     </span>
     <span class='ocr_line' id='line_1_3' title="bbox 112 465 1005 544; baseline 0.006 -22"><span class='ocrx_word' id='word_1_14' title='bbox 112 484 242 538; x_wconf 84' lang='lat' dir='ltr'><strong>numero,</strong></span> <span class='ocrx_word' id='word_1_15' title='bbox 266 465 394 543; x_wconf 81' lang='lat' dir='ltr'><strong>trepidos</strong></span> <span class='ocrx_word' id='word_1_16' title='bbox 420 466 592 542; x_wconf 75' lang='lat' dir='ltr'><strong>ignorantia,</strong></span> <span class='ocrx_word' id='word_1_17' title='bbox 616 467 729 526; x_wconf 87' lang='lat' dir='ltr'><strong>coelum</strong></span> <span class='ocrx_word' id='word_1_18' title='bbox 753 469 848 544; x_wconf 87' lang='lat' dir='ltr'><strong>ipsum</strong></span> <span class='ocrx_word' id='word_1_19' title='bbox 871 487 903 526; x_wconf 87' lang='lat' dir='ltr'><strong>ec</strong></span> <span class='ocrx_word' id='word_1_20' title='bbox 925 489 1005 533; x_wconf 85' lang='lat' dir='ltr'><strong>mere</strong></span> 
     </span>
     <span class='ocr_line' id='line_1_4' title="bbox 112 562 1005 646; baseline 0.011 -28"><span class='ocrx_word' id='word_1_21' title='bbox 112 570 142 619; x_wconf 86' lang='lat' dir='ltr'><strong>et</strong></span> <span class='ocrx_word' id='word_1_22' title='bbox 160 563 257 633; x_wconf 78' lang='lat' dir='ltr'><strong>silvas,</strong></span> <span class='ocrx_word' id='word_1_23' title='bbox 271 562 372 638; x_wconf 83' lang='lat' dir='ltr'><strong>ignote</strong></span> <span class='ocrx_word' id='word_1_24' title='bbox 389 564 494 634; x_wconf 80' lang='lat' dir='ltr'><strong>omnis,</strong></span> <span class='ocrx_word' id='word_1_25' title='bbox 513 563 793 641; x_wconf 68' lang='lat' dir='ltr'><strong>circumspectantes,</strong></span> <span class='ocrx_word' id='word_1_26' title='bbox 809 567 920 626; x_wconf 82' lang='lat' dir='ltr'><strong>clausos</strong></span> <span class='ocrx_word' id='word_1_27' title='bbox 936 589 1005 646; x_wconf 79' lang='lat' dir='ltr'><strong>quo</strong></span> 
     </span>
     <span class='ocr_line' id='line_1_5' title="bbox 112 657 1005 726; baseline 0.011 -10"><span class='ocrx_word' id='word_1_28' title='bbox 112 657 267 716; x_wconf 84' lang='lat' dir='ltr'><strong>dammodo</strong></span> <span class='ocrx_word' id='word_1_29' title='bbox 280 677 313 716; x_wconf 88' lang='lat' dir='ltr'><strong>ec</strong></span> <span class='ocrx_word' id='word_1_30' title='bbox 327 659 441 718; x_wconf 86' lang='lat' dir='ltr'><strong>vinctos</strong></span> <span class='ocrx_word' id='word_1_31' title='bbox 455 659 497 717; x_wconf 91' lang='lat' dir='ltr'><strong>dii</strong></span> <span class='ocrx_word' id='word_1_32' title='bbox 510 659 594 718; x_wconf 86' lang='lat' dir='ltr'><strong>nobis</strong></span> <span class='ocrx_word' id='word_1_33' title='bbox 607 661 800 721; x_wconf 80' lang='lat' dir='ltr'><strong>tradiderunt</strong></span> <span class='ocrx_word' id='word_1_34' title='bbox 833 663 865 721; x_wconf 86' lang='lat' dir='ltr'>N</span> <span class='ocrx_word' id='word_1_35' title='bbox 866 683 883 721; x_wconf 92' lang='lat' dir='ltr'><strong>e</strong></span> <span class='ocrx_word' id='word_1_36' title='bbox 895 670 1005 726; x_wconf 79' lang='lat' dir='ltr'><strong>terrent</strong></span> 
     </span>
     <span class='ocr_line' id='line_1_6' title="bbox 112 759 1004 841; baseline 0.009 -26"><span class='ocrx_word' id='word_1_37' title='bbox 112 777 208 818; x_wconf 85' lang='lat' dir='ltr'><strong>venus</strong></span> <span class='ocrx_word' id='word_1_38' title='bbox 233 764 365 834; x_wconf 82' lang='lat' dir='ltr'><strong>aspectus</strong></span> <span class='ocrx_word' id='word_1_39' title='bbox 388 765 419 816; x_wconf 86' lang='lat' dir='ltr'><strong>et</strong></span> <span class='ocrx_word' id='word_1_40' title='bbox 447 759 512 816; x_wconf 87' lang='lat' dir='ltr'><strong>auri</strong></span> <span class='ocrx_word' id='word_1_41' title='bbox 538 759 636 837; x_wconf 81' lang='lat' dir='ltr'><strong>fulgor</strong></span> <span class='ocrx_word' id='word_1_42' title='bbox 661 767 750 839; x_wconf 85' lang='lat' dir='ltr'><strong>atque</strong></span> <span class='ocrx_word' id='word_1_43' title='bbox 778 764 899 840; x_wconf 79' lang='lat' dir='ltr'><strong>ergenii,</strong></span> <span class='ocrx_word' id='word_1_44' title='bbox 927 766 1004 841; x_wconf 90' lang='lat' dir='ltr'><strong>quod</strong></span> 
     </span>
     <span class='ocr_line' id='line_1_7' title="bbox 114 857 1003 936; baseline 0.004 -22"><span class='ocrx_word' id='word_1_45' title='bbox 114 875 212 934; x_wconf 90' lang='lat' dir='ltr'><strong>neque</strong></span> <span class='ocrx_word' id='word_1_46' title='bbox 233 858 308 933; x_wconf 81' lang='lat' dir='ltr'><strong>tegit</strong></span> <span class='ocrx_word' id='word_1_47' title='bbox 334 875 430 934; x_wconf 87' lang='lat' dir='ltr'><strong>neque</strong></span> <span class='ocrx_word' id='word_1_48' title='bbox 456 857 601 916; x_wconf 82' lang='lat' dir='ltr'><strong>vulneret</strong></span> <span class='ocrx_word' id='word_1_49' title='bbox 644 858 682 916; x_wconf 95' lang='lat' dir='ltr'><strong>In</strong></span> <span class='ocrx_word' id='word_1_50' title='bbox 703 860 766 936; x_wconf 90' lang='lat' dir='ltr'><strong>ipsa</strong></span> <span class='ocrx_word' id='word_1_51' title='bbox 788 859 917 922; x_wconf 88' lang='lat' dir='ltr'><strong>hostium</strong></span> <span class='ocrx_word' id='word_1_52' title='bbox 943 861 1003 918; x_wconf 80' lang='lat' dir='ltr'><strong>ucis</strong></span> 
     </span>
     <span class='ocr_line' id='line_1_8' title="bbox 111 954 1003 1032; baseline 0.002 -18"><span class='ocrx_word' id='word_1_53' title='bbox 111 954 293 1014; x_wconf 73' lang='lat' dir='ltr'><strong>inveniemus</strong></span> <span class='ocrx_word' id='word_1_54' title='bbox 308 959 423 1012; x_wconf 88' lang='lat' dir='ltr'><strong>nostras</strong></span> <span class='ocrx_word' id='word_1_55' title='bbox 443 973 547 1013; x_wconf 87' lang='lat' dir='ltr'><strong>manue</strong></span> <span class='ocrx_word' id='word_1_56' title='bbox 557 975 566 1028; x_wconf 86' lang='lat'>;</span> <span class='ocrx_word' id='word_1_57' title='bbox 586 963 743 1032; x_wconf 72' lang='lat' dir='ltr'><strong>agnoscent</strong></span> <span class='ocrx_word' id='word_1_58' title='bbox 761 957 900 1018; x_wconf 76' lang='lat' dir='ltr'>Britanni</span> <span class='ocrx_word' id='word_1_59' title='bbox 920 977 1003 1016; x_wconf 79' lang='lat' dir='ltr'><strong>nram</strong></span> 
     </span>
     <span class='ocr_line' id='line_1_9' title="bbox 111 1052 1001 1130; baseline 0.002 -19"><span class='ocrx_word' id='word_1_60' title='bbox 111 1071 251 1121; x_wconf 79' lang='lat' dir='ltr'><strong>causeam,</strong></span> <span class='ocrx_word' id='word_1_61' title='bbox 290 1052 522 1112; x_wconf 81' lang='lat' dir='ltr'><strong>recordabuntur</strong></span> <span class='ocrx_word' id='word_1_62' title='bbox 556 1052 635 1111; x_wconf 78' lang='lat' dir='ltr'><strong>Gelli</strong></span> <span class='ocrx_word' id='word_1_63' title='bbox 667 1054 796 1130; x_wconf 87' lang='lat' dir='ltr'><strong>priorem</strong></span> <span class='ocrx_word' id='word_1_64' title='bbox 828 1054 1001 1128; x_wconf 81' lang='lat' dir='ltr'><strong>libertatem,</strong></span> 
     </span>
     <span class='ocr_line' id='line_1_10' title="bbox 111 1148 1004 1230; baseline 0.003 -23"><span class='ocrx_word' id='word_1_65' title='bbox 111 1148 245 1207; x_wconf 79' lang='lat' dir='ltr'><strong>deserent</strong></span> <span class='ocrx_word' id='word_1_66' title='bbox 265 1149 332 1207; x_wconf 88' lang='lat' dir='ltr'><strong>illos</strong></span> <span class='ocrx_word' id='word_1_67' title='bbox 349 1151 439 1208; x_wconf 88' lang='lat' dir='ltr'><strong>ceteri</strong></span> <span class='ocrx_word' id='word_1_68' title='bbox 458 1149 605 1222; x_wconf 69' lang='lat' dir='ltr'><strong>Germani,</strong></span> <span class='ocrx_word' id='word_1_69' title='bbox 626 1155 777 1226; x_wconf 83' lang='lat' dir='ltr'><strong>tamquam</strong></span> <span class='ocrx_word' id='word_1_70' title='bbox 797 1169 891 1228; x_wconf 86' lang='lat' dir='ltr'><strong>nuper</strong></span> <span class='ocrx_word' id='word_1_71' title='bbox 904 1151 1004 1230; x_wconf 88' lang='lat' dir='ltr'><strong>Usipii</strong></span> 
     </span>
     <span class='ocr_line' id='line_1_11' title="bbox 110 1247 1003 1326; baseline 0.003 -20"><span class='ocrx_word' id='word_1_72' title='bbox 110 1249 322 1326; x_wconf 84' lang='lat' dir='ltr'><strong>relinquerunt</strong></span> <span class='ocrx_word' id='word_1_73' title='bbox 366 1247 430 1305; x_wconf 85' lang='lat' dir='ltr'><strong>Nec</strong></span> <span class='ocrx_word' id='word_1_74' title='bbox 443 1249 601 1324; x_wconf 80' lang='lat' dir='ltr'><strong>quicquam</strong></span> <span class='ocrx_word' id='word_1_75' title='bbox 617 1247 696 1306; x_wconf 87' lang='lat' dir='ltr'><strong>ultra</strong></span> <span class='ocrx_word' id='word_1_76' title='bbox 709 1248 872 1307; x_wconf 83' lang='lat' dir='ltr'><strong>formidinis</strong></span> <span class='ocrx_word' id='word_1_77' title='bbox 882 1269 898 1322; x_wconf 79' lang='lat'><strong>3·</strong></span> <span class='ocrx_word' id='word_1_78' title='bbox 911 1269 1003 1309; x_wconf 82' lang='lat' dir='ltr'><strong>vacua</strong></span> 
     </span>
     <span class='ocr_line' id='line_1_12' title="bbox 111 1342 1003 1422; baseline 0.002 -20"><span class='ocrx_word' id='word_1_79' title='bbox 111 1343 238 1416; x_wconf 80' lang='lat' dir='ltr'><strong>castelle,</strong></span> <span class='ocrx_word' id='word_1_80' title='bbox 252 1361 357 1402; x_wconf 87' lang='lat' dir='ltr'><strong>senum</strong></span> <span class='ocrx_word' id='word_1_81' title='bbox 370 1342 508 1416; x_wconf 79' lang='lat' dir='ltr'><strong>coloniae,</strong></span> <span class='ocrx_word' id='word_1_82' title='bbox 521 1343 602 1401; x_wconf 87' lang='lat' dir='ltr'><strong>inter</strong></span> <span class='ocrx_word' id='word_1_83' title='bbox 613 1343 689 1402; x_wconf 83' lang='lat' dir='ltr'><strong>mele</strong></span> <span class='ocrx_word' id='word_1_84' title='bbox 702 1350 837 1422; x_wconf 87' lang='lat' dir='ltr'><strong>parentes</strong></span> <span class='ocrx_word' id='word_1_85' title='bbox 851 1351 881 1404; x_wconf 87' lang='lat' dir='ltr'><strong>et</strong></span> <span class='ocrx_word' id='word_1_86' title='bbox 893 1345 1003 1404; x_wconf 89' lang='lat' dir='ltr'><strong>iniuste</strong></span> 
     </span>
     <span class='ocr_line' id='line_1_13' title="bbox 110 1442 1000 1520; baseline 0.002 -20"><span class='ocrx_word' id='word_1_87' title='bbox 110 1442 288 1519; x_wconf 83' lang='lat' dir='ltr'><strong>imperantes</strong></span> <span class='ocrx_word' id='word_1_88' title='bbox 300 1461 387 1520; x_wconf 71' lang='lat' dir='ltr'><strong>aegra</strong></span> <span class='ocrx_word' id='word_1_89' title='bbox 400 1443 560 1519; x_wconf 85' lang='lat' dir='ltr'><strong>municipia</strong></span> <span class='ocrx_word' id='word_1_90' title='bbox 573 1449 603 1501; x_wconf 89' lang='lat' dir='ltr'><strong>et</strong></span> <span class='ocrx_word' id='word_1_91' title='bbox 617 1443 819 1502; x_wconf 83' lang='lat' dir='ltr'><strong>discordantia</strong></span> <span class='ocrx_word' id='word_1_92' title='bbox 855 1443 917 1502; x_wconf 88' lang='lat' dir='ltr'><strong>Hic</strong></span> <span class='ocrx_word' id='word_1_93' title='bbox 930 1445 1000 1518; x_wconf 86' lang='lat' dir='ltr'><strong>dux,</strong></span> 
     </span>
     <span class='ocr_line' id='line_1_14' title="bbox 110 1538 1002 1613; baseline 0.007 -17"><span class='ocrx_word' id='word_1_94' title='bbox 110 1538 159 1597; x_wconf 89' lang='lat' dir='ltr'><strong>hic</strong></span> <span class='ocrx_word' id='word_1_95' title='bbox 172 1539 318 1597; x_wconf 85' lang='lat' dir='ltr'><strong>exercitus</strong></span> <span class='ocrx_word' id='word_1_96' title='bbox 330 1559 340 1613; x_wconf 89' lang='lat'>;</span> <span class='ocrx_word' id='word_1_97' title='bbox 361 1539 423 1597; x_wconf 92' lang='lat' dir='ltr'><strong>illic</strong></span> <span class='ocrx_word' id='word_1_98' title='bbox 440 1539 553 1598; x_wconf 83' lang='lat' dir='ltr'><strong>t1ibuts</strong></span> <span class='ocrx_word' id='word_1_99' title='bbox 566 1545 598 1599; x_wconf 88' lang='lat' dir='ltr'><strong>et</strong></span> <span class='ocrx_word' id='word_1_100' title='bbox 610 1540 729 1600; x_wconf 86' lang='lat' dir='ltr'><strong>metelle</strong></span> <span class='ocrx_word' id='word_1_101' title='bbox 743 1546 773 1600; x_wconf 88' lang='lat' dir='ltr'><strong>et</strong></span> <span class='ocrx_word' id='word_1_102' title='bbox 786 1546 898 1602; x_wconf 86' lang='lat' dir='ltr'><strong>ceterae</strong></span> <span class='ocrx_word' id='word_1_103' title='bbox 915 1545 1002 1602; x_wconf 81' lang='lat' dir='ltr'><strong>eervi-</strong></span> 
     </span>
     <span class='ocr_line' id='line_1_15' title="bbox 110 1633 1002 1713; baseline 0.004 -21"><span class='ocrx_word' id='word_1_104' title='bbox 110 1633 225 1692; x_wconf 87' lang='lat' dir='ltr'><strong>entium</strong></span> <span class='ocrx_word' id='word_1_105' title='bbox 237 1653 354 1711; x_wconf 86' lang='lat' dir='ltr'><strong>poenae,</strong></span> <span class='ocrx_word' id='word_1_106' title='bbox 370 1654 442 1711; x_wconf 84' lang='lat' dir='ltr'><strong>quea</strong></span> <span class='ocrx_word' id='word_1_107' title='bbox 464 1636 498 1693; x_wconf 90' lang='lat' dir='ltr'><strong>in</strong></span> <span class='ocrx_word' id='word_1_108' title='bbox 518 1641 671 1695; x_wconf 82' lang='lat' dir='ltr'><strong>aeternum</strong></span> <span class='ocrx_word' id='word_1_109' title='bbox 684 1637 810 1713; x_wconf 64' lang='lat' dir='ltr'><strong>perferre</strong></span> <span class='ocrx_word' id='word_1_110' title='bbox 828 1644 881 1695; x_wconf 84' lang='lat' dir='ltr'><strong>aut</strong></span> <span class='ocrx_word' id='word_1_111' title='bbox 901 1639 1002 1696; x_wconf 87' lang='lat' dir='ltr'><strong>statim</strong></span> 
     </span>
     <span class='ocr_line' id='line_1_16' title="bbox 109 1733 1001 1810; baseline 0.004 -20"><span class='ocrx_word' id='word_1_112' title='bbox 109 1733 210 1790; x_wconf 84' lang='lat' dir='ltr'><strong>ulcisci</strong></span> <span class='ocrx_word' id='word_1_113' title='bbox 228 1733 262 1790; x_wconf 89' lang='lat' dir='ltr'><strong>in</strong></span> <span class='ocrx_word' id='word_1_114' title='bbox 285 1733 339 1791; x_wconf 86' lang='lat' dir='ltr'><strong>hoo</strong></span> <span class='ocrx_word' id='word_1_115' title='bbox 359 1752 460 1810; x_wconf 84' lang='lat' dir='ltr'><strong>campo</strong></span> <span class='ocrx_word' id='word_1_116' title='bbox 482 1739 533 1792; x_wconf 77' lang='lat' dir='ltr'><strong>est</strong></span> <span class='ocrx_word' id='word_1_117' title='bbox 576 1733 703 1792; x_wconf 89' lang='lat' dir='ltr'><strong>Proinde</strong></span> <span class='ocrx_word' id='word_1_118' title='bbox 721 1735 795 1794; x_wconf 86' lang='lat' dir='ltr'><strong>ituri</strong></span> <span class='ocrx_word' id='word_1_119' title='bbox 813 1735 847 1794; x_wconf 92' lang='lat' dir='ltr'><strong>in</strong></span> <span class='ocrx_word' id='word_1_120' title='bbox 866 1735 957 1795; x_wconf 81' lang='lat' dir='ltr'><strong>aciem</strong></span> <span class='ocrx_word' id='word_1_121' title='bbox 971 1743 1001 1794; x_wconf 91' lang='lat' dir='ltr'><strong>et</strong></span> 
     </span>
     <span class='ocr_line' id='line_1_17' title="bbox 110 1830 691 1908; baseline 0.005 -21"><span class='ocrx_word' id='word_1_122' title='bbox 110 1830 232 1888; x_wconf 80' lang='lat' dir='ltr'><strong>maiores</strong></span> <span class='ocrx_word' id='word_1_123' title='bbox 246 1837 358 1889; x_wconf 82' lang='lat' dir='ltr'><strong>vestros</strong></span> <span class='ocrx_word' id='word_1_124' title='bbox 371 1836 402 1889; x_wconf 86' lang='lat' dir='ltr'><strong>et</strong></span> <span class='ocrx_word' id='word_1_125' title='bbox 415 1836 545 1908; x_wconf 87' lang='lat' dir='ltr'><strong>posteros</strong></span> <span class='ocrx_word' id='word_1_126' title='bbox 559 1831 691 1908; x_wconf 81' lang='lat' dir='ltr'><strong>cogitate.</strong></span> 
     </span>
    </p>
   </div>
   <div class='ocr_carea' id='block_1_3' title="bbox 109 1973 1001 2137">
    <p class='ocr_par' dir='ltr' id='par_1_3' title="bbox 109 1973 1001 2137">
     <span class='ocr_line' id='line_1_18' title="bbox 109 1973 1001 2050; baseline 0 -17"><span class='ocrx_word' id='word_1_127' title='bbox 109 1991 365 2036; x_wconf 63' lang='lat' dir='ltr'><strong>nunu-xxm.</strong></span> <span class='ocrx_word' id='word_1_128' title='bbox 401 1973 562 2050; x_wconf 60' lang='lat' dir='ltr'><strong>Agricolas</strong></span> <span class='ocrx_word' id='word_1_129' title='bbox 575 1973 692 2032; x_wconf 80' lang='lat' dir='ltr'><strong>address</strong></span> <span class='ocrx_word' id='word_1_130' title='bbox 709 1981 736 2031; x_wconf 84' lang='lat' dir='ltr'><strong>to</strong></span> <span class='ocrx_word' id='word_1_131' title='bbox 752 1973 798 2031; x_wconf 74' lang='lat' dir='ltr'><strong>leis</strong></span> <span class='ocrx_word' id='word_1_132' title='bbox 813 1981 913 2050; x_wconf 82' lang='lat' dir='ltr'><strong>troops.</strong></span> <span class='ocrx_word' id='word_1_133' title='bbox 955 1975 1001 2034; x_wconf 84' lang='lat' dir='ltr'><strong>He</strong></span> 
     </span>
     <span class='ocr_line' id='line_1_19' title="bbox 148 2061 1001 2137; baseline 0 -15"><span class='ocrx_word' id='word_1_134' title='bbox 148 2063 277 2122; x_wconf 75' lang='lat' dir='ltr'><strong>reminds</strong></span> <span class='ocrx_word' id='word_1_135' title='bbox 301 2062 375 2122; x_wconf 78' lang='lat' dir='ltr'><strong>llam</strong></span> <span class='ocrx_word' id='word_1_136' title='bbox 396 2061 433 2137; x_wconf 72' lang='lat' dir='ltr'><strong>qs</strong></span> <span class='ocrx_word' id='word_1_137' title='bbox 446 2061 490 2121; x_wconf 77' lang='lat' dir='ltr'><strong>tlte</strong></span> <span class='ocrx_word' id='word_1_138' title='bbox 512 2081 633 2136; x_wconf 72' lang='lat' dir='ltr'><strong>cecrope</strong></span> <span class='ocrx_word' id='word_1_139' title='bbox 650 2061 714 2119; x_wconf 77' lang='lat' dir='ltr'><strong>ced</strong></span> <span class='ocrx_word' id='word_1_140' title='bbox 730 2061 892 2121; x_wconf 71' lang='lat' dir='ltr'><strong>andusenco</strong></span> <span class='ocrx_word' id='word_1_141' title='bbox 909 2063 1001 2122; x_wconf 61' lang='lat' dir='ltr'><strong>solemia</strong></span> 
     </span>
    </p>
   </div>
   <div class='ocr_carea' id='block_1_4' title="bbox 146 2147 1007 2750">
    <p class='ocr_par' dir='ltr' id='par_1_4' title="bbox 146 2147 1007 2750">
     <span class='ocr_line' id='line_1_20' title="bbox 147 2147 1001 2227; baseline 0.001 -18"><span class='ocrx_word' id='word_1_142' title='bbox 147 2169 230 2210; x_wconf 80' lang='lat' dir='ltr'><strong>seven</strong></span> <span class='ocrx_word' id='word_1_143' title='bbox 242 2149 332 2226; x_wconf 72' lang='lat' dir='ltr'><strong>yecsrs’</strong></span> <span class='ocrx_word' id='word_1_144' title='bbox 347 2151 480 2225; x_wconf 73' lang='lat' dir='ltr'><strong>military</strong></span> <span class='ocrx_word' id='word_1_145' title='bbox 493 2149 595 2207; x_wconf 79' lang='lat' dir='ltr'><strong>service</strong></span> <span class='ocrx_word' id='word_1_146' title='bbox 609 2147 662 2206; x_wconf 74' lang='lat' dir='ltr'><strong>leue</strong></span> <span class='ocrx_word' id='word_1_147' title='bbox 675 2149 767 2220; x_wconf 80' lang='lat' dir='ltr'><strong>tested,</strong></span> <span class='ocrx_word' id='word_1_148' title='bbox 786 2147 824 2223; x_wconf 83' lang='lat' dir='ltr'><strong>of</strong></span> <span class='ocrx_word' id='word_1_149' title='bbox 832 2149 875 2208; x_wconf 74' lang='lat' dir='ltr'><strong>tlte</strong></span> <span class='ocrx_word' id='word_1_150' title='bbox 891 2149 1001 2227; x_wconf 79' lang='lat' dir='ltr'><strong>emique</strong></span> 
     </span>
     <span class='ocr_line' id='line_1_21' title="bbox 148 2235 1001 2314; baseline 0 -17"><span class='ocrx_word' id='word_1_151' title='bbox 148 2238 294 2298; x_wconf 72' lang='lat' dir='ltr'><strong>elaeodes</strong></span> <span class='ocrx_word' id='word_1_152' title='bbox 322 2238 361 2313; x_wconf 82' lang='lat' dir='ltr'><strong>of</strong></span> <span class='ocrx_word' id='word_1_153' title='bbox 385 2237 458 2297; x_wconf 73' lang='lat' dir='ltr'><strong>their</strong></span> <span class='ocrx_word' id='word_1_154' title='bbox 489 2236 697 2308; x_wconf 64' lang='lat' dir='ltr'><strong>eleemos,</strong></span> <span class='ocrx_word' id='word_1_155' title='bbox 730 2236 769 2311; x_wconf 85' lang='lat' dir='ltr'><strong>of</strong></span> <span class='ocrx_word' id='word_1_156' title='bbox 801 2235 875 2295; x_wconf 80' lang='lat' dir='ltr'><strong>tleir</strong></span> <span class='ocrx_word' id='word_1_157' title='bbox 909 2237 1001 2314; x_wconf 83' lang='lat' dir='ltr'><strong>despe-</strong></span> 
     </span>
     <span class='ocr_line' id='line_1_22' title="bbox 147 2321 1001 2402; baseline 0.001 -18"><span class='ocrx_word' id='word_1_158' title='bbox 147 2321 1001 2402; x_wconf 62' lang='lat' dir='ltr'><strong>rotcposiliouostloirqlmimcsendslwcldtley</strong></span> 
     </span>
     <span class='ocr_line' id='line_1_23' title="bbox 148 2410 1003 2490; baseline 0 -18"><span class='ocrx_word' id='word_1_159' title='bbox 148 2413 179 2473; x_wconf 83' lang='lat' dir='ltr'><strong>bc</strong></span> <span class='ocrx_word' id='word_1_160' title='bbox 205 2413 405 2490; x_wconf 76' lang='lat' dir='ltr'><strong>overpmcered,</strong></span> <span class='ocrx_word' id='word_1_161' title='bbox 432 2413 467 2470; x_wconf 79' lang='lat' dir='ltr'><strong>in</strong></span> <span class='ocrx_word' id='word_1_162' title='bbox 497 2410 568 2469; x_wconf 72' lang='lat' dir='ltr'><strong>aloe</strong></span> <span class='ocrx_word' id='word_1_163' title='bbox 599 2419 701 2469; x_wconf 72' lang='lat' dir='ltr'><strong>ronuta</strong></span> <span class='ocrx_word' id='word_1_164' title='bbox 734 2411 797 2469; x_wconf 77' lang='lat' dir='ltr'><strong>cred</strong></span> <span class='ocrx_word' id='word_1_165' title='bbox 825 2412 1003 2488; x_wconf 71' lang='lat' dir='ltr'><strong>wwnplored</strong></span> 
     </span>
     <span class='ocr_line' id='line_1_24' title="bbox 147 2499 1001 2576; baseline 0 -16"><span class='ocrx_word' id='word_1_166' title='bbox 147 2501 268 2576; x_wconf 76' lang='lat' dir='ltr'><strong>rupious.</strong></span> <span class='ocrx_word' id='word_1_167' title='bbox 312 2500 371 2559; x_wconf 71' lang='lat' dir='ltr'><strong>rte</strong></span> <span class='ocrx_word' id='word_1_168' title='bbox 397 2519 503 2575; x_wconf 74' lang='lat' dir='ltr'><strong>emmy,</strong></span> <span class='ocrx_word' id='word_1_169' title='bbox 531 2499 565 2556; x_wconf 82' lang='lat' dir='ltr'><strong>le</strong></span> <span class='ocrx_word' id='word_1_170' title='bbox 591 2507 725 2573; x_wconf 69' lang='lat' dir='ltr'><strong>suppanis,</strong></span> <span class='ocrx_word' id='word_1_171' title='bbox 756 2499 810 2558; x_wconf 74' lang='lat' dir='ltr'><strong>lton</strong></span> <span class='ocrx_word' id='word_1_172' title='bbox 842 2501 923 2558; x_wconf 82' lang='lat' dir='ltr'><strong>stood</strong></span> <span class='ocrx_word' id='word_1_173' title='bbox 954 2501 1001 2560; x_wconf 73' lang='lat' dir='ltr'><strong>lis</strong></span> 
     </span>
     <span class='ocr_line' id='line_1_25' title="bbox 146 2585 1007 2666; baseline 0 -18"><span class='ocrx_word' id='word_1_174' title='bbox 146 2589 266 2664; x_wconf 74' lang='lat' dir='ltr'><strong>yrowid</strong></span> <span class='ocrx_word' id='word_1_175' title='bbox 281 2588 379 2647; x_wconf 73' lang='lat' dir='ltr'><strong>rarle</strong></span> <span class='ocrx_word' id='word_1_176' title='bbox 394 2587 489 2644; x_wconf 77' lang='lat' dir='ltr'><strong>under</strong></span> <span class='ocrx_word' id='word_1_177' title='bbox 507 2585 551 2644; x_wconf 76' lang='lat' dir='ltr'><strong>rte</strong></span> <span class='ocrx_word' id='word_1_178' title='bbox 566 2585 706 2662; x_wconf 79' lang='lat' dir='ltr'><strong>influence</strong></span> <span class='ocrx_word' id='word_1_179' title='bbox 725 2585 861 2666; x_wconf 56' lang='lat' dir='ltr'><strong>(ispanio</strong></span> <span class='ocrx_word' id='word_1_180' title='bbox 879 2587 951 2648; x_wconf 74' lang='lat' dir='ltr'><strong>lituu</strong></span> <span class='ocrx_word' id='word_1_181' title='bbox 969 2589 1007 2666; x_wconf 86' lang='lat' dir='ltr'><strong>of</strong></span> 
     </span>
     <span class='ocr_line' id='line_1_26' title="bbox 147 2674 554 2750; baseline -0.012 -15"><span class='ocrx_word' id='word_1_182' title='bbox 147 2675 249 2750; x_wconf 78' lang='lat' dir='ltr'><strong>alcndy</strong></span> <span class='ocrx_word' id='word_1_183' title='bbox 262 2674 410 2734; x_wconf 81' lang='lat' dir='ltr'><strong>deliberate</strong></span> <span class='ocrx_word' id='word_1_184' title='bbox 424 2674 554 2748; x_wconf 62' lang='lat' dir='ltr'><strong>munem.</strong></span> 
     </span>
    </p>
   </div>
   <div class='ocr_carea' id='block_1_5' title="bbox 107 2785 1001 3446">
    <p class='ocr_par' dir='ltr' id='par_1_5' title="bbox 107 2785 1001 3342">
     <span class='ocr_line' id='line_1_27' title="bbox 169 2785 1000 2864; baseline -0.002 -16"><span class='ocrx_word' id='word_1_185' title='bbox 169 2786 333 2848; x_wconf 85' lang='lat' dir='ltr'><strong>XXXIII·</strong></span> <span class='ocrx_word' id='word_1_186' title='bbox 362 2787 511 2864; x_wconf 78' lang='lat' dir='ltr'><strong>Excepere</strong></span> <span class='ocrx_word' id='word_1_187' title='bbox 524 2786 684 2845; x_wconf 85' lang='lat' dir='ltr'><strong>orationem</strong></span> <span class='ocrx_word' id='word_1_188' title='bbox 697 2785 813 2859; x_wconf 83' lang='lat' dir='ltr'><strong>sleores,</strong></span> <span class='ocrx_word' id='word_1_189' title='bbox 825 2793 861 2845; x_wconf 86' lang='lat' dir='ltr'><strong>ut</strong></span> <span class='ocrx_word' id='word_1_190' title='bbox 871 2787 1000 2846; x_wconf 80' lang='lat' dir='ltr'><strong>barbaris</strong></span> 
     </span>
     <span class='ocr_line' id='line_1_28' title="bbox 107 2883 1000 2960; baseline -0.002 -16"><span class='ocrx_word' id='word_1_191' title='bbox 107 2884 207 2956; x_wconf 85' lang='lat' dir='ltr'><strong>moris,</strong></span> <span class='ocrx_word' id='word_1_192' title='bbox 221 2889 310 2944; x_wconf 86' lang='lat' dir='ltr'><strong>centu</strong></span> <span class='ocrx_word' id='word_1_193' title='bbox 322 2883 500 2960; x_wconf 82' lang='lat' dir='ltr'><strong>fremituque</strong></span> <span class='ocrx_word' id='word_1_194' title='bbox 516 2887 546 2940; x_wconf 87' lang='lat' dir='ltr'><strong>et</strong></span> <span class='ocrx_word' id='word_1_195' title='bbox 562 2883 734 2941; x_wconf 86' lang='lat' dir='ltr'><strong>clamoribus</strong></span> <span class='ocrx_word' id='word_1_196' title='bbox 750 2883 879 2944; x_wconf 84' lang='lat' dir='ltr'><strong>dissonis</strong></span> <span class='ocrx_word' id='word_1_197' title='bbox 922 2883 1000 2942; x_wconf 84' lang='lat' dir='ltr'><strong>Inm-</strong></span> 
     </span>
     <span class='ocr_line' id='line_1_29' title="bbox 107 2983 1001 3062; baseline -0.003 -18"><span class='ocrx_word' id='word_1_198' title='bbox 107 3005 166 3062; x_wconf 88' lang='lat' dir='ltr'><strong>que</strong></span> <span class='ocrx_word' id='word_1_199' title='bbox 186 2984 311 3061; x_wconf 79' lang='lat' dir='ltr'><strong>agmina,</strong></span> <span class='ocrx_word' id='word_1_200' title='bbox 333 2989 365 3041; x_wconf 89' lang='lat' dir='ltr'><strong>et</strong></span> <span class='ocrx_word' id='word_1_201' title='bbox 383 3001 529 3042; x_wconf 86' lang='lat' dir='ltr'><strong>armorum</strong></span> <span class='ocrx_word' id='word_1_202' title='bbox 549 2983 674 3058; x_wconf 81' lang='lat' dir='ltr'><strong>fulgores</strong></span> <span class='ocrx_word' id='word_1_203' title='bbox 691 2983 892 3042; x_wconf 80' lang='lat' dir='ltr'><strong>audentissimi</strong></span> <span class='ocrx_word' id='word_1_204' title='bbox 908 2983 1001 3042; x_wconf 89' lang='lat' dir='ltr'><strong>cuius·</strong></span> 
     </span>
     <span class='ocr_line' id='line_1_30' title="bbox 107 3079 999 3159; baseline -0.003 -20"><span class='ocrx_word' id='word_1_205' title='bbox 107 3099 167 3159; x_wconf 87' lang='lat' dir='ltr'><strong>que</strong></span> <span class='ocrx_word' id='word_1_206' title='bbox 179 3098 320 3158; x_wconf 84' lang='lat' dir='ltr'><strong>procursu</strong></span> <span class='ocrx_word' id='word_1_207' title='bbox 323 3099 332 3153; x_wconf 77' lang='lat'>5</span> <span class='ocrx_word' id='word_1_208' title='bbox 346 3079 435 3138; x_wconf 88' lang='lat' dir='ltr'><strong>simul</strong></span> <span class='ocrx_word' id='word_1_209' title='bbox 447 3079 647 3138; x_wconf 80' lang='lat' dir='ltr'><strong>instruebatur</strong></span> <span class='ocrx_word' id='word_1_210' title='bbox 656 3079 738 3152; x_wconf 86' lang='lat' dir='ltr'><strong>ecies,</strong></span> <span class='ocrx_word' id='word_1_211' title='bbox 751 3099 843 3156; x_wconf 90' lang='lat' dir='ltr'><strong>quum</strong></span> <span class='ocrx_word' id='word_1_212' title='bbox 852 3079 999 3157; x_wconf 77' lang='lat' dir='ltr'><strong>Agricola,</strong></span> 
     </span>
     <span class='ocr_line' id='line_1_31' title="bbox 107 3175 998 3256; baseline -0.002 -20"><span class='ocrx_word' id='word_1_213' title='bbox 107 3195 287 3256; x_wconf 86' lang='lat' dir='ltr'><strong>quemquam</strong></span> <span class='ocrx_word' id='word_1_214' title='bbox 321 3176 431 3236; x_wconf 88' lang='lat' dir='ltr'><strong>laetum</strong></span> <span class='ocrx_word' id='word_1_215' title='bbox 466 3181 497 3234; x_wconf 89' lang='lat' dir='ltr'><strong>et</strong></span> <span class='ocrx_word' id='word_1_216' title='bbox 533 3177 585 3234; x_wconf 84' lang='lat' dir='ltr'><strong>vix</strong></span> <span class='ocrx_word' id='word_1_217' title='bbox 619 3175 810 3234; x_wconf 87' lang='lat' dir='ltr'><strong>munimentis</strong></span> <span class='ocrx_word' id='word_1_218' title='bbox 845 3176 998 3235; x_wconf 70' lang='lat' dir='ltr'><strong>coercitum</strong></span> 
     </span>
     <span class='ocr_line' id='line_1_32' title="bbox 109 3270 899 3342; baseline -0.003 -10"><span class='ocrx_word' id='word_1_219' title='bbox 109 3273 235 3332; x_wconf 90' lang='lat' dir='ltr'><strong>militem</strong></span> <span class='ocrx_word' id='word_1_220' title='bbox 248 3270 463 3332; x_wconf 84' lang='lat' dir='ltr'><strong>accendendum</strong></span> <span class='ocrx_word' id='word_1_221' title='bbox 475 3270 570 3330; x_wconf 78' lang='lat' dir='ltr'><strong>adhuc</strong></span> <span class='ocrx_word' id='word_1_222' title='bbox 584 3277 673 3342; x_wconf 82' lang='lat' dir='ltr'><strong>ratus,</strong></span> <span class='ocrx_word' id='word_1_223' title='bbox 689 3271 732 3329; x_wconf 86' lang='lat' dir='ltr'><strong>ite</strong></span> <span class='ocrx_word' id='word_1_224' title='bbox 745 3271 899 3332; x_wconf 83' lang='lat' dir='ltr'><strong>disseruit:</strong></span> 
     </span>
    </p>

    <p class='ocr_par' dir='ltr' id='par_1_6' title="bbox 171 3367 1000 3446">
     <span class='ocr_line' id='line_1_33' title="bbox 171 3367 1000 3446; baseline -0.002 -16"><span class='ocrx_word' id='word_1_225' title='bbox 171 3370 300 3431; x_wconf 83' lang='lat' dir='ltr'><strong>Octavus</strong></span> <span class='ocrx_word' id='word_1_226' title='bbox 312 3387 406 3426; x_wconf 88' lang='lat' dir='ltr'><strong>annus</strong></span> <span class='ocrx_word' id='word_1_227' title='bbox 419 3373 470 3439; x_wconf 84' lang='lat' dir='ltr'><strong>est,</strong></span> <span class='ocrx_word' id='word_1_228' title='bbox 486 3367 703 3440; x_wconf 89' lang='lat' dir='ltr'><strong>commilitones,</strong></span> <span class='ocrx_word' id='word_1_229' title='bbox 718 3388 756 3426; x_wconf 84' lang='lat' dir='ltr'><strong>ex</strong></span> <span class='ocrx_word' id='word_1_230' title='bbox 769 3387 827 3446; x_wconf 88' lang='lat' dir='ltr'><strong>quo</strong></span> <span class='ocrx_word' id='word_1_231' title='bbox 843 3369 954 3428; x_wconf 84' lang='lat' dir='ltr'><strong>virtute</strong></span> <span class='ocrx_word' id='word_1_232' title='bbox 969 3375 1000 3427; x_wconf 86' lang='lat' dir='ltr'><strong>et</strong></span> 
     </span>
    </p>
   </div>
   <div class='ocr_carea' id='block_1_6' title="bbox 108 3463 997 3548">
    <p class='ocr_par' dir='ltr' id='par_1_7' title="bbox 108 3463 997 3548">
     <span class='ocr_line' id='line_1_34' title="bbox 108 3463 997 3548; baseline 0.002 -22"><span class='ocrx_word' id='word_1_233' title='bbox 108 3465 246 3546; x_wconf 84' lang='lat' dir='ltr'><strong>auspiciis</strong></span> <span class='ocrx_word' id='word_1_234' title='bbox 271 3465 388 3548; x_wconf 83' lang='lat' dir='ltr'><strong>imperii</strong></span> <span class='ocrx_word' id='word_1_235' title='bbox 415 3463 550 3542; x_wconf 83' lang='lat' dir='ltr'><strong>Romani,</strong></span> <span class='ocrx_word' id='word_1_236' title='bbox 579 3464 636 3528; x_wconf 83' lang='lat' dir='ltr'><strong>fide</strong></span> <span class='ocrx_word' id='word_1_237' title='bbox 665 3470 753 3544; x_wconf 80' lang='lat' dir='ltr'><strong>atque</strong></span> <span class='ocrx_word' id='word_1_238' title='bbox 785 3485 872 3548; x_wconf 82' lang='lat' dir='ltr'><strong>opere</strong></span> <span class='ocrx_word' id='word_1_239' title='bbox 902 3471 997 3528; x_wconf 78' lang='lat' dir='ltr'><strong>vesus</strong></span> 
     </span>
    </p>
   </div>
   <div class='ocr_carea' id='block_1_7' title="bbox 0 0 1200 3782">
    <p class='ocr_par' dir='ltr' id='par_1_8' title="bbox 0 0 1200 3782">
     <span class='ocr_line' id='line_1_35' title="bbox 0 0 1200 3782; baseline 0 1"><span class='ocrx_word' id='word_1_240' title='bbox 0 0 1200 3782; x_wconf 95' lang='lat' dir='ltr'><strong> </strong></span> 
     </span>
    </p>
   </div>
  </div>
 </body>
</html>
