2390 3782
214 282 251 340 20
470 275 673 340 CORNELII
699 272 843 336 raom

213 411 437 488 complosisque
456 411 667 468 Britannorum
686 427 739 466 sua
757 407 971 466 defensantium
989 405 1098 484 proelio

212 509 364 585 congressi,
386 527 420 565 ae
447 525 531 583 saepe
552 507 683 579 victores,
709 503 865 583 aliquando
891 503 976 581 pulsi,
1000 521 1033 560 eo
1059 503 1098 560 ad

210 600 375 663 'extremum
402 602 517 680 inopiae
544 621 656 676 venere,
681 607 717 660 ut
739 602 948 661 infirmissimos
969 620 1096 675 suorum,

209 715 282 759 mox
294 706 372 760 sorte
385 699 487 758 duetos
506 706 697 783 vescerentur.
740 698 842 777 Atque
855 700 898 757 ita
913 699 1096 757 circumvecti

213 799 405 871 Britanniam,
430 799 542 857 amissis
568 817 621 875 per
646 797 792 856 inseitiam
819 797 938 874 regendi
965 797 1095 870 navibus,

212 915 264 974 pro
282 896 475 974 praedonibus
496 895 596 969 habiti,
612 896 739 973 primum
753 917 771 954 a
784 896 895 970 Suavis,
911 916 980 955 mox
999 917 1017 954 a
1035 895 1097 954 Fri·

210 994 263 1053 siis
282 995 436 1071 intercepti
456 1000 532 1053 sunt.
574 994 622 1052 Ae
645 993 733 1067 fuere,
755 1013 827 1070 quos
852 1012 904 1071 per
928 993 1098 1051 commercia

210 1093 394 1151 -venuudatos
420 1099 451 1151 et
476 1091 509 1150 in
535 1099 665 1150 nostram
692 1111 784 1168 usque
813 1092 907 1169 ripam
936 1090 1098 1148 mutatione

208 1188 372 1246 ementium
385 1187 524 1245 adductos
536 1186 678 1246 indicium
690 1187 769 1245 tanti
782 1206 863 1246 casus
877 1187 1050 1247 illustravit,

272 1280 394 1339 XXIX.
430 1281 523 1340 Initio
536 1283 655 1342 aestatis
665 1283 804 1359 Agrioola
813 1282 968 1341 domestieo
978 1283 1098 1341 vulnere

213 1377 294 1436 ictus.
336 1378 426 1437 Anno
443 1385 512 1436 ante
530 1386 634 1437 natum
648 1379 742 1438 fllium
759 1381 877 1454 amisit;
899 1399 987 1457 quem
1000 1399 1098 1438 ossum

212 1494 314 1553 neque,
328 1480 363 1534 ut
379 1475 514 1552 ‘plerique
532 1476 653 1535 fortium
666 1477 803 1550 virorum,
823 1476 982 1549 ambitiose,
1003 1496 1098 1553 neque

213 1591 264 1649 por
277 1573 405 1630 lamenta
417 1592 517 1632 rursus
530 1593 563 1632 ao
576 1593 735 1633 maerorem
748 1573 929 1633 muliebriter
942 1573 1020 1634 tulit.
1058 1574 1099 1631 Et

213 1669 245 1725 in
257 1669 340 1728 laetu
353 1670 462 1728 bellum
475 1670 553 1730 inter
571 1671 699 1730 remedia
715 1679 784 1731 erat.
827 1671 926 1749 Igitur
941 1672 1097 1749 praemissa

214 1764 309 1839 classe,
325 1785 399 1842 quae
411 1766 545 1844 pluribus
558 1767 627 1825 loeis
647 1767 785 1844 praedata
802 1786 941 1844 magnum
959 1773 990 1826 at
1006 1767 1099 1824 incer·
1187 1795 1188 1846 p

213 1869 278 1920 tum
302 1869 439 1923 terrorem
462 1866 576 1938 maeret,
598 1867 733 1943 expedito
753 1867 890 1940 exercitu,
911 1867 958 1925 eui
977 1885 1015 1925 ex
1035 1865 1099 1924 Bri-

213 1960 311 2018 tannis
323 1961 493 2020 fortissimos
510 1967 541 2020 et
560 1961 647 2039 longa
664 1982 734 2040 paco
754 1965 919 2042 exploratos
938 1963 1097 2037 addiderat,

213 2055 250 2114 ad
270 2061 399 2114 montem
416 2057 587 2135 Grampium
604 2061 745 2136 pervenit,
763 2081 850 2138 quem
868 2061 927 2119 iam
947 2059 1039 2119 hostie
1054 2060 1096 2118 in·

214 2152 332 2211 sederat
374 2153 453 2212 Nam
476 2154 621 2228 Britanni,
645 2156 722 2214 nihil
748 2157 833 2214 fraoti
855 2177 969 2235 pugnae
992 2157 1098 2234 prioris

184 2293 185 2296 η
215 2257 330 2325 eventu,
345 2257 376 2310 et
395 2252 537 2311 ultionem
556 2259 609 2312 aut
632 2254 785 2313 servitium
806 2260 1012 2332 exspectantes,
1033 2260 1099 2311 tan·

213 2346 336 2424 demque
357 2348 436 2406 dooti
456 2367 607 2406 commune
627 2349 788 2426 perieulum
808 2349 959 2407 eoncordia
979 2348 1098 2426 propul-

214 2444 343 2518 sandum,
359 2445 552 2521 legationibus
565 2451 596 2503 et
611 2446 774 2505 foederibus
792 2446 922 2505 omnium
943 2445 1099 2503 civltatum
1184 2489 1185 2500 ,

215 2539 291 2598 vires
312 2540 485 2600 exciverant·
528 2541 649 2619 Iamque
665 2561 751 2619 super
767 2543 891 2619 triginta
906 2543 987 2600 milia
1006 2561 1099 2600 arma·
1181 2539 1184 2580 ¹

215 2643 311 2696 torum
325 2639 545 2716 aspiciebantm,
557 2645 588 2698 et
600 2639 694 2698 adhue
707 2639 843 2697 affluebat
852 2639 946 2698 omnis
959 2637 1099 2696 iuventus

214 2736 363 2812 atquibus
381 2735 469 2794 cruda
487 2755 520 2794 ae
537 2735 640 2793 viridis
658 2741 797 2810 senectus,
812 2735 883 2794 olari
903 2734 985 2812 bellov
997 2739 1028 2793 et
1046 2753 1101 2792 sua

215 2832 336 2908 quisque
360 2831 463 2890 deeora
484 2835 638 2908 gestantes,
661 2851 753 2909 quum
779 2833 859 2890 inter
885 2831 983 2908 plures
1011 2831 1100 2890 duoes

215 2928 326 2986 virtute
351 2934 383 2986 et
408 2947 513 3005 genere
538 2933 694 3006 praestans,
715 2928 833 2988 nomine
853 2927 999 3005 Oalgemrs,
1021 2928 1100 3004 apud

215 3030 392 3083 conmotam
405 3024 626 3090 multitudinem
638 3025 778 3104 proelium
793 3031 957 3103 posoentem
970 3024 1003 3082 in
1021 3024 1101 3082 hune

215 3125 333 3182 modum
346 3124 459 3184 loeutus
472 3125 565 3183 fertur
576 3146 583 3184 ε

217 3261 423 3316 xxm—xxm
466 3251 570 3330 Sperat
588 3253 625 3328 os
638 3252 780 3330 (dolabras
798 3261 824 3312 to
850 3251 895 3312 to
917 3265 1009 3328 away.
1054 3248 1102 3312 Ha

256 3341 350 3399 debella
367 3362 405 3400 oa
422 3341 465 3398 tba
483 3357 609 3415 urpeaey
622 3339 659 3414 os
670 3341 715 3398 tlte
735 3340 825 3411 crisis,
844 3359 882 3397 oa
904 3339 948 3398 tbe
965 3338 1101 3414 hopeless-

255 3447 318 3487 msa
340 3427 377 3503 of
394 3447 488 3503 escape
499 3427 583 3501 from
610 3427 654 3485 tlte
677 3425 791 3485 Rormm
809 3426 867 3484 luat
887 3425 924 3500 ff
940 3425 1101 3500 dominium,
1178 3419 1180 3552 Ι

256 3536 294 3576 on
317 3515 361 3574 tlte
383 3515 485 3574 alramt
506 3513 614 3573 cartola
630 3533 737 3574 success
754 3513 845 3573 atict
862 3512 923 3572 will
938 3515 1038 3573 attend
1059 3514 1104 3574 tle
1178 3553 1179 3566 2
