2390 3782
159 167 177 226 Β
412 163 617 226 connum
641 163 784 226 raom

143 298 191 355 ·in
211 299 379 356 universum
400 297 477 356 fama
494 302 538 356 est
565 303 748 374 transgressa
785 297 844 356 Sed
864 297 1041 360 immensum

158 403 189 454 et
207 416 323 455 enorme
341 397 470 473 spatium
488 395 721 472 procurrentium
734 400 864 454 exnemo
878 397 937 454 iam
956 397 1042 456 litore

158 502 300 552 ‘terrarum
326 494 410 552 velut
434 493 468 550 in
494 511 619 552 cumeum
647 498 795 552 tenuatur.
847 493 935 552 Hanc
962 513 1039 551 oram

159 590 306 648 novissimi
323 591 412 647 maris
428 595 500 648 tunc
518 590 646 666 primum
660 589 794 648 Romana
811 589 908 648 classis
922 590 1041 649 circum,

157 691 239 744 recta
261 686 386 743 insulam
410 704 470 743 esse
494 685 678 744 Britanniam
704 687 928 758 affirmavit,·ac
954 687 1041 746 simul

157 783 317 860 incognitas
329 783 367 840 ad
384 782 415 840 id
431 789 547 860 tempus
564 782 682 855 insulas,
698 801 771 860 quas
785 783 912 843 Orcadas
924 791 1039 857 vocant,

158 879 270 938 invenit
283 879 460 956 domuitque.
499 877 640 956 Dispecta
657 884 702 938 est
723 885 753 938 et
774 879 877 955 Thule,
889 881 961 958 qnia
977 880 1041 938 hac·

158 983 242 1036 tenus
255 978 373 1049 iussum,
389 982 419 1035 et
436 976 529 1035 hiems
549 975 713 1054 appetebat.
752 975 813 1037 aad
828 995 908 1037 mare
928 977 1040 1054 pigrum

157 1083 187 1134 et
209 1095 297 1154 grave
319 1076 529 1153 remigantibus
538 1095 548 1149 3
569 1075 724 1152 perhibent
747 1094 787 1134 ne
806 1075 902 1135 ventis
922 1077 1039 1154 quidem

159 1171 277 1248 proinde
291 1172 405 1246 attolli3
423 1171 516 1244 credo,
528 1171 605 1248 quod
618 1171 740 1229 rariores
753 1177 849 1230 terrae
862 1178 1040 1250 montesque,

155 1291 255 1329 caussa
280 1290 314 1328 ac
334 1272 457 1330 materia
478 1276 695 1348 tempestatum,
724 1277 754 1329 et
780 1271 924 1348 profunda
949 1270 1041 1328 moles

156 1368 287 1426 continui
309 1370 397 1427 maris
415 1369 527 1427 tardius
550 1368 720 1446 impellitur.
762 1369 908 1427 Naturam
933 1367 1040 1428 Oceani

156 1474 243 1544 atque
257 1473 353 1526 aestus
366 1486 460 1545 neque
473 1486 611 1544 quaerere
626 1466 713 1525 huius
731 1468 825 1544 operis
840 1473 892 1542 est,
907 1486 939 1524 ac
953 1467 1040 1525 multi

158 1563 301 1626 rettulere.
334 1563 437 1624 Unum
453 1553 623 1637 addiderim,
638 1582 782 1640 nusquam
795 1563 884 1624 latins
898 1563 1040 1624 dominari

158 1683 244 1740 mare,
266 1664 393 1723 multum
418 1664 572 1722 fluminum
594 1661 652 1721 hue
675 1669 764 1740 atque
791 1662 861 1721 illuc
884 1662 1040 1730 terraneo

157 1760 240 1820 litore
271 1768 357 1819 tenus
387 1779 545 1818 accrescere
574 1767 627 1818 aut
657 1759 806 1832 resorberi,
837 1758 886 1817 sed
918 1758 1040 1817 influere

158 1858 271 1933 penitus
281 1864 369 1936 atque
382 1858 500 1930 ambire,
513 1863 543 1918 et
556 1857 631 1934 iugis
642 1857 731 1927 etiam
743 1874 780 1927 ac·
789 1856 938 1914 montibus
950 1855 1040 1913 inseri

155 1952 236 2010 velut
250 1953 282 2010 in
296 1973 354 2011 suo.

213 2047 271 2107 XI.
314 2048 450 2108 Ceterum
485 2048 667 2108 Britanniam
702 2049 754 2127 qui
788 2049 924 2108 mortales
953 2047 1039 2109 initio

155 2144 304 2213 coluerint,
330 2145 483 2222 indigenae
509 2165 547 2204 an
574 2145 696 2220 advecti,
724 2151 760 2203 ut
785 2146 865 2204 inter
891 2147 1036 2220 barbaros,

155 2257 256 2320 parum
280 2249 467 2318 compertum.
518 2241 650 2300 Habitus
674 2260 826 2320 corporum
846 2243 929 2315 varii,
952 2249 1039 2320 atqua

155 2361 192 2398 ex
210 2360 243 2398 eo
257 2345 433 2417 argumenta
475 2338 612 2415 Namque
627 2339 734 2396 rutilae
755 2338 941 2398 Caledoniam
959 2339 1039 2398 habi·

153 2438 282 2496 tantium
309 2456 413 2508 comae,
443 2435 541 2511 magni
562 2440 644 2493 artus
668 2435 870 2494 Germanicam
897 2436 1038 2512 originem

155 2539 326 2591 asseverant
369 2531 499 2590 Silurum
516 2529 636 2588 colorati
653 2530 763 2600 uultus,
779 2532 853 2588 torti
868 2531 1038 2608 plerumque

155 2630 254 2704 onnes,
270 2636 301 2689 et
313 2631 408 2708 posita
423 2634 523 2687 contra
542 2628 689 2706 Hispania
706 2619 807 2687 Iberos
821 2635 936 2688 ‘veteres
953 2631 1038 2688 traie-

155 2727 226 2784 cisse
248 2745 353 2803 easqne
372 2726 453 2783 sedes
472 2743 622 2801 occupasse
640 2724 727 2782 fidem
744 2724 862 2783 faciunt
905 2725 1037 2784 Proximi

86 2839 88 2844 ·
155 2821 248 2880 Gallis
268 2828 299 2880 et
321 2821 429 2880 similes
456 2825 533 2892 sunt,
562 2839 613 2878 seu
640 2820 764 2878 durante
785 2820 904 2897 originis
923 2821 961 2895 ri,
987 2839 1037 2880 sen

154 2919 388 2996 procurrentibus
400 2917 432 2975 in
445 2918 559 2974 diversa
571 2917 658 2974 terris
671 2917 776 2994 positio
787 2917 859 2976 coeli
870 2919 1038 2995 corporibus

154 3014 288 3072 habitum
299 3013 387 3073 dedit.
421 3013 456 3069 In
468 3012 639 3071 universum
652 3017 752 3070 tamen
762 3013 928 3072 aestimanti
939 3014 1037 3072 Gallos

153 3111 279 3169 vicinam
292 3110 418 3168 insulam
431 3127 583 3186 occupasse
597 3109 733 3169 credibile
747 3115 798 3168 ast.
835 3110 944 3168 Eorum
958 3130 1037 3170 sacra

153 3206 356 3284 deprehendas,
369 3206 609 3283 superstitionum
619 3207 834 3284 persuasiones3
857 3227 948 3266 sermo
959 3208 1035 3266 haud

154 3305 279 3362 multum
310 3303 440 3361 diversus
452 3323 462 3377 ;
496 3303 529 3360 in
555 3303 742 3379 deposcendis
772 3303 907 3380 periculis
935 3305 1038 3363 eadem

158 3401 280 3471 taducis,
298 3405 337 3474 et,
356 3401 405 3460 ubi
427 3399 577 3471 advenere,
598 3400 631 3456 in
651 3400 846 3458 detrectandis
866 3401 964 3460 eadem
981 3403 1038 3460 for-
