2406 3782
317 267 534 334 ennMANJA
563 267 837 337 XVI-XXVII.
985 270 1022 330 15

138 401 216 478 quod
249 399 377 476 impune
420 399 535 462 Liberti
563 418 626 460 non
647 382 776 464 multum
809 419 896 476 snpra
927 419 1024 460 servos

138 503 208 556 sunt
217 518 226 570 3
246 517 312 570 nero
322 497 444 574 aliquod
461 501 642 555 momentum
659 499 693 554 in
711 497 803 570 domo,
818 498 1024 574 numquemin

139 595 264 667 civitate,
278 596 408 673 exeeptis
423 597 578 654 dumtaxat
595 596 632 653 iis
649 596 793 672 gentibus,
805 614 887 672 .quee
904 615 1025 672 regnen-

138 696 206 765 tur3
238 692 281 750 ibi
304 693 385 750 enim
409 698 439 752 et
463 711 551 768 snper
575 692 718 768 ingenuos
745 698 784 754 et
801 711 888 770 super
912 693 1025 753 nobiles

138 789 305 853 escendunt
347 788 441 867 Apud
458 789 595 852 ceteros
584 808 712 866 imperes
730 789 862 850 libertini
880 786 1026 851 libertatis·

137 893 343 966 argumentum
356 891 433 946 sunt.
692 935 694 939 ,

139 981 322 1042 XXVI.
365 981 462 1040 Fenus
488 981 599 1058 agitare
625 988 656 1040 et
683 981 716 1042 in
738 1001 857 1044 usurus
833 939 1025 1044 extendere
1121 976 1122 980 ’

139 1080 284 1157 ignotum,
312 1080 435 1156 ideoque
456 1081 550 1156 magis
576 1084 709 1142 servatur
733 1099 823 1156 quam
849 1079 875 1141 si
900 1079 1026 1140 vetitum

138 1184 221 1239 esset
244 1239 245 1244 ,
258 1178 336 1254 Agri
348 1196 401 1254 pro
410 1196 532 1238 numero
543 1176 688 1240 cultorum
701 1177 739 1234 eb
752 1177 896 1240 universis
905 1178 1026 1241 iunioes

138 1282 325 1354 occupantur,
343 1294 415 1352 quos
433 1293 503 1332 mox
514 1275 594 1334 inter
609 1292 639 1332 se
657 1275 815 1339 seeundum
829 1275 1026 1352 dignationem

139 1374 316 1450 partiuntur.
359 1372 544 1432 Facilitatem
569 1371 716 1448 partiendi
740 1391 907 1449 camporum
922 1373 1027 1451 ,spatie

140 1476 295 1546 praestant.
336 1470 423 1535 Arvs
438 1488 491 1547 per
504 1487 595 1527 annos
613 1473 738 1540 mutent,
756 1475 789 1527 et
806 1481 937 1547 superest
950 1489 1024 1548 eger.

141 1566 206 1651 Neo
225 1569 304 1628 enim
330 1588 396 1626 cum
422 1569 556 1626 ubertate
579 1572 610 1625 et
636 1567 828 1644 amplitudine
853 1568 910 1632 soli
929 1569 1027 1630 labore

141 1667 328 1740 contendunt,
350 1672 385 1724 ut
404 1666 533 1743 pomerio
548 1670 710 1738 conserent,
731 1670 762 1722 et
781 1670 865 1742 prete
882 1671 1024 1742 separent

141 1767 173 1833 et
187 1761 287 1820 hortos
303 1762 401 1838 rigent
410 1783 419 1835 3
440 1761 502 1820 sole
519 1767 614 1820 terroe
631 1780 712 1838 seges
728 1760 895 1837 imperetur.
917 1820 919 1824 ,
937 1761 1027 1826 Unde

141 1877 252 1920 annum
266 1878 381 1936 quoque
394 1859 491 1936 ipsum
502 1875 564 1929 non
576 1859 609 1916 in
618 1859 742 1924 totidem
755 1859 892 1936 digerunt
900 1861 1026 1937 species}

141 1955 236 2026 hiems
253 1963 284 2015 et
296 1977 348 2015 ver
361 1962 391 2014 et
403 1961 497 2024 nestas
512 1956 696 2016 intellectum
710 1975 743 2015 eo
755 1956 896 2021 vocibuis
908 1957 1026 2030 hebent,

141 2059 278 2124 autumni
289 2059 410 2136 perinde
423 2077 530 2118 nomen
543 2078 577 2116 sc
589 2059 666 2116 bono
678 2059 858 2134 ignorentur.

141 2191 143 2195 ·
202 2154 347 2218 XXVII,
401 2155 551 2216 Funerum
577 2156 659 2214 nulle
684 2154 813 2215 ambitio.
870 2153 908 2212 Id
933 2153 1028 2213 solum

142 2254 321 2328 observetur,
340 2260 376 2313 ut
395 2273 514 2332 corpore
533 2255 676 2314 clerorum
688 2253 818 2314 virorum
835 2254 922 2312 certis
941 2253 1029 2331 lignis

141 2357 315 2412 crementur.
356 2352 475 2412 Str-nem
499 2352 565 2429 rogi
589 2371 643 2411 nec
664 2351 796 2414 vestibus
817 2371 871 2411 neo
893 2351 1030 2410 odoribus

138 2449 315 2522 -oumulent5
333 2467 389 2508 sue
406 2447 509 2526 cuique
522 2467 611 2517 orme,
625 2448 807 2524 quorundum
819 2448 882 2526 igni
895 2454 926 2508 et
938 2465 1030 2525 equus

141 2545 288 2608 adiicitn.
309 2533 314 2543 ¹
332 2543 504 2620 Sepulcrum
517 2544 736 2621 caespeserigit
745 2563 756 2618 ;
775 2549 1029 2604 monumentorum

141 2643 269 2702 arduum
291 2647 322 2702 et
345 2657 496 2718 operosum
521 2640 661 2700 honorem
687 2645 723 2702 ut
748 2659 865 2718 grevem
888 2641 1030 2700 defunctis

142 2743 344 2815 aspernantur
386 2737 530 2798 Iumenta
544 2757 582 2796 eo
604 2737 738 2796 laerImas
758 2738 825 2811 cito,
845 2739 977 2799 dolonem
1000 2745 1031 2797 et

144 2835 298 2900 tristitiem
310 2836 399 2898 turdo
406 2841 527 2913 ponunt
557 2833 687 2898 Feminis
699 2835 797 2912 lugere
810 2835 964 2896 honestum
977 2843 1028 2974 est,

145 2931 217 2990 viris
230 2931 402 2995 meminisse.

205 3027 311 3092 Esco
301 3047 334 3092 m
345 3047 500 3090 commune
513 3027 549 3089 de
558 3028 690 3092 omnium
701 2989 912 3094 Germanorum
921 3023 1031 3107 origine

145 3144 181 3184 ao
206 3126 336 3188 moribus
361 3126 530 3203 accepimus
566 3125 668 3190 Nunc
694 3127 875 3205 singulorum
900 3129 1032 3205 gentium

143 3223 286 3284 instituto
297 3224 438 3306 ritusque,
456 3230 603 3302 quotenus
620 3223 764 3299 different,
779 3245 853 3305 quoe
870 3227 1033 3287 notionese

142 3317 348 3388 ,Germaniam
363 3318 473 3380 Gellius
487 3321 748 3400 commigraverint,
763 3323 922 3400 expediam.
1007 3334 1024 3384 ‘.

148 3515 254 3558 xxvnr.
285 3517 367 3563 xxm
418 3501 515 3562 Tritos
549 3503 583 3563 io
609 3503 653 3563 tte
679 3504 909 3581 neighbourhood
933 3505 970 3582 of
991 3505 1022 3563 rt
