2390 3782
481 1001 616 1080 VITA

18 1245 47 1336 's
112 1313 114 1316 Ι
181 1199 360 1280 GNAEI
394 1199 421 1276 J
425 1197 550 1276 ULII
581 1198 914 1278 AGRIOOLAE.

18 1381 46 1430 tu

18 1459 34 1498 f
100 1508 209 1556 24-111.
254 1495 372 1556 Tacitus
394 1495 549 1571 apoloqieer
561 1495 618 1571 for
640 1495 759 1572 offeciay
782 1497 938 1575 dioprapty
959 1509 987 1558 to

18 1579 35 1668 ξ
142 1605 182 1642 aa
198 1604 249 1660 ape
264 1583 361 1656 urbici,
384 1582 489 1658 tlwuqt
505 1583 588 1642 better
609 1584 671 1641 acal
688 1603 766 1642 more
783 1584 900 1660 lwpesul
917 1587 987 1645 thau

28 1671 48 1728 ‘i
143 1672 187 1730 tie
213 1671 324 1729 tec-iidie
346 1670 452 1746 period
473 1670 512 1744 of
525 1669 685 1742 Domitium,
709 1691 769 1729 war
791 1672 853 1730 still
877 1693 908 1731 ao
929 1674 989 1750 far

46 1796 49 1808 .
108 1801 110 1804 -
142 1755 332 1817 malbod
339 1776 373 1815 aa
386 1765 413 1816 to
422 1756 522 1833 profer
541 1757 643 1816 satira
656 1777 694 1816 on
707 1759 765 1816 uice
780 1767 807 1818 to
821 1758 865 1817 tio
873 1761 987 1837 praiaco

142 1845 284 1921 osuirtue.

19 1961 46 2024 b)
163 1973 188 2031 Ι.
232 1971 383 2030 Clarorum
415 1971 546 2028 virorum
577 1971 653 2030 facta
684 1993 835 2050 moresque
866 1975 988 2052 posteris

102 2071 225 2144 tradere,
246 2070 410 2148 antiquitus
425 2070 576 2142 usitatum,
596 2090 633 2128 ne
653 2072 761 2128 nostris
781 2072 899 2148 quidem
916 2079 988 2130 tcm-

19 2153 30 2238 ἰ
101 2168 222 2248 poribus
253 2183 429 2244 quamquam
461 2166 604 2224 incuriosa
630 2186 748 2225 snorum
774 2173 854 2225 actae
880 2169 985 2240 omisit,

20 2289 22 2306 τ
102 2265 238 2342 quotiens
253 2283 359 2339 magna
371 2263 471 2339 aliqua
486 2281 519 2319 ac
532 2262 638 2319 nobilis
652 2262 746 2320 virtue
759 2263 831 2321 vicit
846 2283 880 2321 ac
893 2284 988 2340 super-

101 2382 200 2440 gressa
219 2367 264 2420 est
283 2361 391 2418 vitium
410 2360 509 2437 parvis
530 2360 700 2437 magnisque
721 2360 890 2418 civitatibus
912 2381 988 2438 com-

102 2479 198 2530 mune,
227 2458 422 2536 ignorantiam
453 2457 526 2515 recti
558 2463 588 2514 et
617 2456 767 2516 invidiam.
823 2455 880 2513 Sed
910 2457 988 2533 apud

102 2559 212 2636 priores
233 2560 269 2612 ut
291 2573 375 2632 agere
399 2553 487 2630 digna
510 2560 672 2611 memoratu
694 2572 819 2630 pronum
841 2554 988 2630 magisque

101 2654 133 2712 in
157 2656 260 2729 aperto
283 2656 353 2723 erat,
379 2650 422 2708 ita
445 2649 646 2733 celabprrimue
670 2650 793 2727 quisque
814 2649 931 2726 ingenio
950 2651 988 2708 ad

102 2749 280 2831 prodendam
300 2748 420 2806 virtutis
440 2748 608 2806 memoriam
628 2748 691 2805 aina
710 2748 806 2824 gratia
826 2753 879 2805 aut
898 2747 988 2805 ambi-

101 2849 181 2905 tione
195 2845 288 2902 bonae
301 2849 418 2902 tantum
432 2844 624 2902 conscientiae
636 2843 730 2921 pretio
744 2843 909 2902 ducebatur.
939 2841 987 2900 Ac

101 2945 234 3024 plerique
260 2961 343 3000 suam
374 2942 431 3019 ipsi
457 2942 550 3000 vitam
581 2960 700 2998 narrare
730 2940 866 2998 fiduciam
892 2940 988 3014 potius

101 3057 218 3099 morum
235 3057 324 3114 quam
344 3038 540 3114 arrogantiam
559 3037 693 3095 arbitrati
711 3043 788 3110 sunt,
807 3054 861 3094 nec
877 3036 908 3096 id
928 3035 989 3094 Ru·

100 3139 166 3197 tilio
180 3143 212 3196 ct
228 3135 337 3194 Scauro
350 3136 423 3194 citra
435 3136 523 3194 fidem
539 3142 591 3193 aut
604 3135 807 3193 obtrectationi
823 3135 896 3208 fuit3
917 3134 987 3192 adeo

100 3237 228 3295 virtutes
240 3233 345 3292 iisdem
358 3234 537 3312 temporibus
551 3233 661 3312 optime
673 3233 872 3305 aestimantur,
883 3233 988 3311 quibus

23 3351 58 3377 ⁶⁴·
100 3327 239 3390 facillime
259 3330 427 3408 gignuntur.
469 3330 516 3389 At
533 3349 612 3388 nnnc
628 3334 782 3388 narraturo
803 3329 877 3388 mihi
895 3329 988 3386 vitam

23 3418 60 3447 ⁷¹
102 3429 234 3490 defuncti
251 3426 379 3488 hominia
391 3428 478 3488 venia
492 3446 564 3504 opus
578 3425 637 3484 fuit
642 3447 652 3500 3
673 3444 762 3504 quam
777 3444 837 3482 non
853 3427 983 3503 petissem

101 3527 287 3586 incuraturna
298 3539 360 3584 tam
374 3543 459 3584 saeva
472 3529 504 3583 et
516 3523 622 3582 infesta
635 3522 795 3581 virtutibus
808 3527 945 3598 tempora

59 3620 68 3729 Ἰ
171 3639 228 3687 uA.
891 3618 906 3674 l
