2390 3782
167 255 205 315 30
374 244 376 248 ’
425 251 628 317 CORNELII
654 252 800 316 rrum

166 406 233 444 cum
246 385 351 460 amissi,
369 392 415 445 tot
435 389 575 446 militares
594 387 652 446 viri
672 406 738 444 oum
757 392 804 445 tot
823 387 988 446 cohortibus
1006 404 1054 443 ex-

167 483 456 561 pugnatietcapt13
475 503 529 542 nec
546 483 605 542 iam
627 484 662 542 de
683 483 778 542 limite
801 483 916 560 imperii
935 488 965 541 et
983 483 1054 560 ripa,

167 579 218 636 sed
244 579 280 637 de
301 579 430 638 hibernis
451 579 599 656 legionum
620 586 650 638 et
677 580 854 656 possessione
876 578 1053 640 dubitatum.

168 675 218 732 Ita
234 695 301 733 cum
321 675 428 733 damna
449 676 562 734 damnis
585 675 833 748 continuarentur,
856 680 944 750 atque
964 674 1056 732 omnis

167 791 261 830 annus
285 772 435 830 funeribus
459 778 490 830 et
517 773 647 832 cladibus
667 774 863 849 insigniretur,
887 773 1057 849 poscebatur

169 887 218 926 ore
246 867 327 944 vulgi
351 868 412 925 dux
438 868 585 946 Agricola,
615 870 850 946 comparantibus
878 869 989 927 cuncus
1014 869 1056 926 vi-

168 985 267 1042 gorem
290 973 321 1024 et
350 967 543 1024 constantiam
573 973 605 1026 et
633 973 786 1045 expertum
815 967 899 1026 bellis
928 968 1057 1026 animum

169 1083 236 1122 cum
264 1065 372 1122 inertia
398 1070 428 1122 et
454 1065 609 1123 formidine
635 1071 803 1124 ceterorum.
865 1065 978 1135 Quibus
1003 1083 1058 1124 ser·

169 1159 303 1218 monibus
323 1149 401 1219 satis
420 1168 534 1220 constat
560 1162 724 1220 Domitiani
751 1182 865 1240 quoque
887 1181 971 1222 aures
997 1182 1058 1221 ver·

169 1258 290 1330 barabas,
319 1258 390 1315 dum
416 1259 544 1335 optimus
571 1259 693 1337 quisque
717 1260 889 1319 libertorum
909 1279 1006 1318 amore
1028 1265 1059 1317 et

169 1357 233 1428 fide,
258 1356 377 1433 pessimi
398 1356 581 1433 malignitate
602 1363 633 1414 et
654 1357 744 1416 livore
766 1376 891 1435 pronum
912 1356 1058 1416 deteriori·

169 1455 224 1512 bus
240 1455 399 1531 principem
414 1455 646 1514 exstimulabant.
690 1456 737 1515 Sic
747 1455 886 1534 Agricola
898 1456 985 1514 simul
998 1456 1058 1514 suis

170 1550 337 1624 virtutibus
366 1550 453 1609 simul
483 1551 564 1609 vitiis
595 1551 718 1610 aliorum
751 1552 784 1610 in
814 1553 907 1630 ipsam
936 1552 1057 1629 gloriam

170 1665 303 1722 praeceps
317 1647 463 1722 agebatur.

230 1741 332 1802 XLIL
388 1742 503 1800 Aderat
529 1744 588 1800 iam
614 1763 716 1817 annus,
741 1763 799 1822 quo
823 1744 1057 1822 proconsulatum

171 1838 261 1896 Asiae
287 1845 318 1895 et
340 1837 460 1896 Africae
486 1839 647 1907 sortiretur,
674 1845 705 1897 ct
731 1840 822 1898 occiso
846 1839 945 1898 Civica
966 1860 1058 1917 nuper

171 1955 223 1994 nec
244 1935 398 2012 Agricolae
416 1935 569 1993 consilium
584 1936 683 1994 deerat
701 1955 753 1994 nec
772 1936 942 1996 Domitiano
963 1957 1057 1997 exem-

170 2033 259 2109 plum.
302 2034 456 2090 Accessere
480 2032 599 2108 quidam
620 2033 829 2110 cogitationum
851 2033 989 2112 principis
1010 2053 1057 2110 pe

171 2129 230 2200 riti,
245 2127 298 2205 qui
309 2127 441 2184 ituursne
454 2134 529 2185 esset
549 2127 581 2184 in
600 2129 779 2205 provinciam
798 2129 877 2188 ultro
890 2130 1058 2207 Agricolam

170 2223 390 2301 interrogarent.
431 2224 478 2282 Ac
494 2224 588 2302 primo
608 2227 749 2285 occultius
769 2227 897 2304 quietem
915 2233 946 2286 et
965 2229 1058 2286 otium

171 2321 296 2396 laudare,
326 2340 396 2380 mox
423 2339 539 2399 operam
565 2341 646 2382 suam
673 2324 706 2382 in
732 2324 916 2402 approbanda
942 2344 1059 2384 exorna-

171 2418 250 2476 tione
277 2419 397 2492 offerre3
423 2423 567 2494 postremo
594 2438 654 2476 non
680 2419 739 2477 iam
766 2421 880 2478 obscuri
905 2421 1059 2480 suadentes

146 2538 148 2544 ·
172 2513 258 2590 simul
279 2519 479 2591 terrentesque
497 2519 665 2591 pertraxere
688 2516 725 2572 ad
747 2516 955 2575 Domitianum.
999 2519 1058 2587 Qui

171 2615 289 2688 paratus
315 2610 508 2684 simulatione,
537 2610 570 2668 in
601 2612 795 2688 arrogantiam
826 2614 1001 2692 compositus
1027 2623 1059 2672 et

171 2705 265 2764 audiit
299 2722 397 2783 preces
430 2707 602 2779 excusantis,
640 2713 670 2764 et
695 2727 787 2785 quum
826 2711 981 2783 annuisset,
1010 2715 1058 2788 agi

172 2802 227 2862 sibi
247 2803 355 2879 gratiss
375 2822 477 2881 passus
497 2809 550 2875 est,
572 2822 626 2862 nec
647 2805 766 2862 erubuit
784 2804 916 2865 beneficii
936 2806 1057 2864 invidia

172 2901 315 2960 Salarium
337 2907 444 2975 tamen,
467 2901 665 2978 proconsulari
686 2903 803 2962 solitum
828 2904 925 2963 offerri
945 2911 975 2963 et
995 2905 1059 2980 qui-

171 2997 293 3056 busdam
319 3019 338 3056 a
363 2999 478 3076 seipso
502 3019 675 3072 concessum,
699 3000 854 3076 Agricolae
880 3019 941 3059 non
966 3001 1058 3072 dedit,

172 3093 232 3150 sive
258 3094 384 3152 offensus
414 3113 474 3151 non
504 3094 639 3171 petitum,
667 3096 728 3154 sive
749 3116 787 3155 ex
806 3097 988 3169 conscientia,
1010 3116 1056 3170 ne,

171 3190 249 3267 quod
270 3196 411 3263 vetuerat,
433 3191 583 3250 videretur
603 3193 710 3251 embee.
758 3193 912 3270 Proprium
937 3194 1058 3252 humani

171 3286 282 3362 ingenii
307 3293 353 3344 est
382 3287 482 3359 odisse,
507 3307 593 3363 quem
622 3286 738 3347 laeseris
750 3308 759 3360 3
797 3289 960 3347 Domitiani
990 3309 1059 3348 vero

172 3391 284 3457 natura,
306 3404 440 3462 praeceps
453 3385 485 3441 in
505 3386 585 3460 iram,
605 3393 635 3444 et
655 3407 712 3464 quo
732 3389 880 3448 obscurior
899 3410 933 3449 eo
951 3390 1059 3449 irrevo-

172 3481 300 3550 cabilior,
323 3482 520 3542 moderatione
546 3489 644 3542 tamen
671 3485 882 3563 prudentiaque
903 3487 1061 3565 Agricolae
