2390 3782
359 235 558 297 raulcone
585 235 744 296 ,Χ.-ΧΙΙ.
980 235 997 291 9

120 369 200 427 mido.
242 367 314 426 Plus
337 373 437 426 tamen
460 365 583 426 ferociae
607 365 745 424 Britanni
767 363 942 440 praeferunt,
964 377 1000 420 ut

118 483 186 542 quos
199 466 329 523 nondum
345 465 433 541 longa
444 483 504 541 pax
521 462 684 521 emollierit.
725 461 757 520 N
758 481 805 518 am
820 461 918 519 Gallos
932 480 1000 537 qno·

118 573 172 639 que
194 563 227 620 in
247 563 330 620 bellis
351 563 481 631 floruisse
501 563 662 640 accepimus
672 582 682 638 ;
705 582 775 622 mox
791 562 915 642 segnitia
934 583 1000 622 cnm

118 659 176 717 otio
207 660 339 732 intravit,
374 660 481 719 amissa
505 660 620 719 virtute
650 661 761 738 pariter
787 680 820 719 sc
854 660 998 720 libertate.

119 755 202 838 Quod
216 745 427 840 Britannorum
441 758 511 816 olim
524 757 616 818 victis
628 743 746 835 evenit;
767 761 855 820 ceteri
872 766 999 832 manent,

118 837 215 938 quales
228 853 305 912 Galli
317 855 444 915 fuerunt

120 1011 122 1015 ,
179 948 256 1026 XIL
289 951 328 1009 In
340 952 438 1030 pedite
448 951 556 1029 robnr3
577 955 720 1032 quaedam
730 955 862 1015 nationes
872 961 902 1014 et
915 971 1001 1013 curru
1053 1007 1055 1010 .

117 1048 312 1126 proeliantur.;
341 1048 490 1108 honestior
520 1051 627 1128 auriga,
656 1052 775 1110 clientes
805 1059 997 1131 propugnant.

119 1145 197 1203 Olim
215 1146 330 1222 regibus
349 1147 498 1223 parebant,
512 1166 591 1205 nnnc
603 1166 655 1224 per
670 1149 815 1226 principes
828 1147 1002 1208 factionibus

118 1241 271 1300 et'studiia
290 1241 456 1315 trahuntur,-
476 1256 531 1302 nec
548 1243 634 1302 ¹aliud
654 1244 800 1304 advorsus·
812 1246 1002 1306 validissimas

117 1347 217 1420 gentes
237 1353 290 1420 pro
310 1343 394 1402 nobis
407 1341 511 1402 utilius
524 1362 613 1422 qnam
631 1343 708 1422 quod
726 1344 760 1404 in
778 1363 930 1404 commune
942 1355 1003 1404 non

119 1441 279 1502 consulunt.
333 1440 429 1498 Rarus
452 1441 564 1500 duabus
590 1443 743 1520 tribusque
769 1443 939 1503 civitatibus
965 1433 1003 1500 ad

119 1537 344 1615 propulsandum
372 1549 531 1596 commune
561 1538 723 1616 periculum
749 1545 930 1612 conventus3
960 1537 1003 1596 ita

118 1634 226 1711 singuli
242 1639 382 1712 pugnant,
402 1634 534 1693 universi
550 1635 717 1695 vincuntur.
760 1635 880 1694 Goelum
895 1634 1003 1692 crebris

119 1731 260 1790 imbribus
273 1751 307 1790 ac
320 1731 435 1790 nebulis
452 1732 589 1806 foedum
608 1732 746 1810 asperitas
759 1733 900 1810 frigorum
912 1733 1003 1792 abest-

118 1821 350 1904 Diemmspatia
362 1828 442 1886 ultra
454 1829 547 1887 nostri
560 1830 638 1888 orbis
651 1847 816 1888 mensnram
822 1849 832 1902 3
853 1847 913 1886 nox
925 1828 1004 1887 clara

118 1930 150 1982 ct
170 1929 301 1982 extrema
325 1925 497 1984 Britanniae
516 1932 601 2003 parte
625 1926 727 1999 brevia,
751 1931 788 1986 nt
807 1926 895 1984 finem
916 1931 1004 2003 atque

117 2020 239 2079 initium
251 2021 325 2079 lucis
343 2021 448 2096 exiguo
467 2021 633 2082 discrimine
650 2023 835 2084 internosces.
878 2023 962 2094 Quod
980 2024 1004 2080 si

117 2118 213 2176 nubes
233 2137 293 2177 non
313 2118 448 2191 officiant,
463 2119 552 2198 aspici
565 2141 618 2200 per
635 2127 750 2180 noctem
768 2121 835 2179 solis
851 2120 1002 2198 fulgorem,

116 2235 173 2274 nec
187 2217 314 2276 occidere
328 2223 357 2276 ct
371 2238 526 2296 exsurgere
539 2219 590 2278 sed
607 2221 732 2278 transire
749 2221 902 2279 affirmant.
945 2217 1005 2276 scu

115 2316 190 2374 licet
210 2321 342 2374 extrema
365 2323 395 2376 et
416 2317 504 2396 plana
524 2322 669 2375 terrarum
693 2317 798 2375 humili
820 2317 925 2374 umbra
945 2333 1005 2372 non

116 2413 238 2488 erigmt
251 2414 392 2487 tenebras,
406 2413 541 2491 infraque
554 2413 666 2472 coelum
685 2419 715 2471 et
731 2413 824 2472 sidera
841 2432 901 2470 nox
918 2411 1003 2470 cadit.

117 2509 230 2581 Solum,
244 2515 360 2586 praeter
381 2510 474 2570 oleam
495 2510 645 2587 vitemque
664 2515 694 2569 et
712 2516 807 2568 cetera
822 2510 1005 2568 calidioribus

116 2606 207 2669 terris
229 2607 299 2664 oriri
320 2612 410 2680 sueta,
433 2611 548 2684 patiens
567 2607 693 2684 frugum,
719 2608 894 2682 iocundum3
922 2609 1006 2666 tarde

116 2701 286 2774 mitescunt,
315 2702 374 2760 cito
400 2702 585 2780 proveniunt,
610 2703 767 2781 eademque
789 2704 941 2781 utriusque
963 2701 1006 2759 rei

116 2816 228 2870 caussa,
251 2797 362 2856 multus
378 2799 484 2857 humor
505 2804 650 2857 terrarum
671 2799 807 2876 coelique
850 2799 922 2856 Fert
942 2797 1006 2855 Bri·

114 2897 224 2954 tannia
244 2915 349 2954 aurum
373 2903 404 2955 et
424 2904 577 2976 argentum
599 2901 630 2955 et
652 2896 710 2955 alia
725 2891 856 2972 metalla,
879 2896 1007 2972 pretinm

114 2990 267 3050 victoriae.
310 2991 414 3067 Gignit
431 2999 461 3052 et
481 3011 604 3051 oceanus
621 2993 786 3069 margarita,
804 2991 854 3050 sed
875 2992 1007 3049 snbfinca

113 3107 151 3144 ac
180 3087 310 3146 liventia
353 3088 479 3158 Quidam
505 3095 599 3148 artem
626 3089 723 3146 abesse
743 3088 907 3165 legentibus
933 3085 1007 3144 arbi·

114 3189 241 3242 trentam
250 3203 260 3257 3
280 3203 350 3242 nam
370 3183 403 3242 in
423 3185 513 3242 rubro
535 3183 610 3243 mari
629 3185 698 3242 viva
718 3202 751 3242 ac
773 3184 913 3261 spirantia
930 3185 1007 3242 saxis

112 3279 218 3352 avelli,
233 3279 266 3337 in
285 3278 449 3353 Britannia,
463 3287 552 3358 prout
571 3281 694 3358 expulsa
711 3280 779 3351 sint,
798 3277 901 3356 colligi
945 3279 1007 3356 Ego

114 3378 237 3436 bailius
258 3376 429 3436 crediderim
450 3385 586 3439 naturam
608 3376 773 3454 margaritis
800 3375 897 3435 deesse
920 3394 1005 3452 quam

113 3475 206 3533 nobis
220 3473 380 3534 arentiam
