2406 3782
185 250 204 306 2
442 244 646 307 CORNELII
671 243 815 307 raom

184 376 255 454 quia
274 395 328 435 neo
350 381 429 435 terra
452 377 522 435 olim
543 377 594 435 sed
614 378 754 436 classibus
774 377 1001 446 advehebantur,
1021 377 1076 454 qui

185 479 298 532 mutare
312 475 393 533 sedes
405 475 590 551 quaerebant,
606 481 636 534 et
649 477 806 534 immensus
825 476 904 533 ultra
923 480 1014 552 utque
1033 474 1076 549 sic

186 570 311 628 dixerim
320 571 457 629 adversus
471 571 602 630 Oceanus
615 572 689 629 raris
701 573 738 630 ab
752 574 821 631 orbe
834 578 933 631 nostro
950 575 1076 632 navibus

186 667 291 727 aditur.
354 667 427 737 Quis
454 687 549 744 porro,
576 675 692 746 praeter
718 670 881 746 periculum
907 669 1019 729 horridi
1045 676 1078 728 et

186 764 281 842 ignoti
300 766 395 837 marie,
411 765 486 824 Asia
505 772 558 824 aut
579 767 683 826 Africa
706 773 758 826 aut
775 767 864 826 Italia
883 767 986 826 relicta
1006 766 1078 825 Ger·

188 862 315 922 maniam
348 866 468 939 peteret,
506 863 662 922 informem
697 865 790 936 terrie,
823 883 955 942 asperam
972 865 1075 938 coela,

187 961 301 1020 tristem
315 959 397 1018 cultu
410 965 593 1037 aspectuque,
607 960 666 1019 nisi
679 961 705 1018 ei
717 961 813 1038 patria
826 961 885 1020 sitl

247 1055 402 1115 Celebrant
424 1057 601 1115 carminibus
622 1058 760 1135 antiquis,
783 1058 861 1135 quod
884 1078 978 1118 unum
998 1060 1078 1136 apud

188 1153 254 1211 illos
284 1153 439 1212 memoriae
469 1159 500 1211 et
530 1154 680 1213 annalium
707 1174 798 1232 genus
825 1162 877 1230 est,
906 1157 1078 1218 Tuistonem

189 1252 275 1310 deum
301 1255 380 1310 terra
406 1251 526 1323 edituus,
559 1253 715 1313 etlilium
745 1252 900 1327 Mannum,
935 1255 1078 1332 originem

189 1346 284 1422 gentis
305 1345 530 1424 conditoresque.
573 1347 686 1406 Manno
706 1350 762 1407 tris
784 1351 860 1409 filios
880 1351 1037 1427 assignant,
1061 1372 1079 1410 e

150 1501 153 1506 ,
189 1459 313 1518 quorum
325 1442 492 1500 nominibus
504 1444 631 1520 proximi
651 1444 766 1504 Oceano
787 1446 973 1524 Ingaevones,
988 1448 1080 1507 medii

190 1539 394 1632 Herminones,
409 1542 500 1600 ceteri
513 1543 681 1603 Istaevones
700 1551 848 1605 vocentur.
892 1547 1026 1620 Quidam,
1042 1553 1079 1605 ut

189 1639 221 1696 iu
234 1638 353 1698 licentia
365 1641 529 1713 vetustatis,
544 1641 637 1718 pluris
650 1643 704 1702 deo
716 1649 796 1704 ortos
809 1645 960 1722 plurisque
979 1647 1077 1723 gentis

189 1739 405 1820 appellationes,
425 1741 545 1815 Marsos,
567 1743 757 1818 Gambrivios,
782 1744 900 1817 Suevos,
926 1744 1079 1805 Vandalos

190 1838 353 1911 affirmana;
382 1856 472 1916 eaque
492 1859 562 1897 vera
581 1845 611 1898 et
631 1841 753 1918 antiqua
772 1841 897 1901 nomina.
941 1840 1079 1900 Ceterum

190 1933 362 1993 Germaniae
375 1935 549 1994 vocabulum
568 1955 668 1994 recens
688 1941 718 1994 et
737 1956 832 2014 nuper
850 1935 992 2009 additum,
1007 1957 1080 2014 quo·

189 2032 277 2105 niam,
289 2032 341 2109 qui
353 2032 442 2109 primi
452 2033 590 2091 Rhenum
603 2035 774 2111 transgressi
788 2033 887 2091 Gallos
900 2034 1077 2112 expulerint,

190 2148 223 2187 ao
245 2147 324 2187 nuno
345 2128 464 2207 Tungri,
485 2135 557 2189 tuuc
578 2129 717 2188 Germani
736 2131 833 2189 vocati
852 2131 921 2190 sint.
961 2131 1012 2189 Ita
1028 2150 1080 2190 na·

190 2228 279 2291 tionis
296 2246 403 2288 nomen
418 2247 478 2286 non
497 2229 593 2306 gentis
609 2229 749 2288 evaluisse
764 2228 914 2306 paulatim,
929 2235 965 2288 ut
978 2247 1080 2294 omnes

189 2323 317 2399 primum
337 2342 355 2380 a
373 2324 483 2382 victore
504 2325 541 2384 ob
560 2330 680 2398 metum,
700 2343 771 2388 mox
791 2345 810 2386 a
828 2344 859 2386 se
872 2325 1079 2404 ipsisiorenlo

190 2418 307 2494 pomino
321 2419 459 2480 Germani
472 2429 652 2483 vocarentur.
892 2483 894 2488 ,

191 2575 195 2578 .
250 2516 312 2580 ΙΠ,
355 2517 456 2578 Fuisse
481 2519 560 2596 apud
586 2538 634 2578 eos
660 2525 692 2580 et
718 2519 879 2582 Herculem
905 2523 1080 2592 memorant,

189 2613 373 2693 primumque
392 2616 525 2678 omnium
544 2617 675 2678 virorum
694 2619 815 2678 fortium
833 2619 907 2678 ituri
924 2619 957 2680 iu
968 2618 1081 2696 proelia

190 2716 306 2785 mount
363 2711 441 2774 Sunt
466 2713 525 2774 illis
551 2715 621 2774 haec
648 2735 763 2793 quoque
790 2717 927 2788 carmina,
953 2733 1080 2792 quorum

189 2808 294 2881 relatu,
309 2827 397 2885 quem
410 2809 558 2876 harditum
578 2817 692 2884 vocant,
713 2812 876 2874 accendunt
895 2811 1014 2883 animos,
1036 2811 1081 2872 fu·

189 2907 332 2982 tutaeque
364 2925 478 2983 pugnae
508 2907 657 2970 fortunam
682 2908 746 2986 ipso
772 2913 860 2971 cautu
887 2913 1078 2986 augurantur.

190 3000 312 3072 Terreat
325 3002 404 3062 enim
417 3003 610 3083 trepidantve,
625 3010 714 3083 prout
726 3007 826 3068 sonuit
841 3004 924 3078 acies,
936 3023 998 3070 ‚neo
1017 3010 1081 3066 tam

189 3118 274 3160 voces
285 3101 353 3165 illae
365 3120 454 3178 quam
466 3102 587 3162 virtutis
598 3108 757 3166 concentus
765 3103 910 3164 videntur.
951 3101 1081 3162 Affecta

189 3202 240 3257 tur
262 3198 416 3276 praecipue
436 3199 576 3280 asperitas
593 3200 659 3262 soni
678 3200 855 3266 attractum
876 3215 1009 3258 mmmm
1030 3199 1082 3256 ob·

190 3294 272 3353 iactis
285 3294 323 3353 ad
342 3313 374 3352 os
392 3281 490 3371 scutis,
512 3316 570 3374 quo
589 3298 703 3376 plenior
723 3302 753 3356 et
772 3297 966 3375 gravium
985 3313 1082 3384 reper7

190 3410 275 3452 cumsu
288 3391 468 3453 intumescat.

189 3577 190 3582 η
250 3489 387 3552 Ueterum
399 3497 431 3554 et
443 3490 567 3554 Ulixem
578 3491 698 3570 quidam
717 3492 875 3570 opinantur
886 3491 974 3570 longo
987 3489 1038 3550 illo
1051 3494 1083 3550 et
