2406 3782
366 271 582 334 GERMANIA
611 275 785 341 VL-XV.
1001 282 1021 340 5

131 397 300 458 universum
330 403 496 460 aestimanti
526 403 593 480 plus
622 414 711 482 penes
741 407 870 484 peditem
901 411 1019 483 roboris,

131 490 222 575 eoque
237 498 318 556 misti
332 499 520 577 proclianum,
540 507 610 578 apta
629 508 660 562 et
681 511 859 582 congruente
872 506 909 564 cd
923 526 1021 584 eques·

127 599 206 652 trem
226 613 354 672 pugnam
377 596 531 656 velocitate
552 599 692 674 peditum,
713 620 786 678 quos
806 620 844 660 ex
870 604 952 662 omni
976 605 1020 662 iu-

129 696 253 748 ventute
279 691 404 751 delectos
430 695 622 753 ante'aciem
653 695 758 758 locant
814 697 965 758 Definitur
987 706 1022 764 ¹et

127 805 288 864 numerus3
309 789 425 848 centeni
437 809 476 849 ex
489 791 611 868 singulis
630 794 712 872 pagis
732 800 810 865 suno,
823 794 912 873 idque
924 795 1020 874 ipsum

10 929 11 948 2
124 886 208 946 inter
222 905 289 946 suos
306 894 456 961 uocantur,
476 895 508 947 et
524 889 603 966 quod
620 891 716 968 primo
729 911 867 952 numerus
879 894 945 967 fuit,
961 895 1019 953 iam

123 977 237 1044 'nomen
257 992 288 1044 et
309 987 404 1046 honor
424 993 476 1046 est.
518 987 608 1047 Acies
626 1007 680 1066 per
699 1007 806 1050 cunam
827 991 1017 1068 componitur.

123 1081 239 1141 Cedere
264 1082 335 1157 loco,
363 1083 520 1142 dummodo
542 1103 642 1142 rursus
668 1083 767 1158 instes,
792 1085 906 1154 consilii
931 1105 1020 1164 quam

128 1177 292 1237 formidinis
322 1179 514 1238 arbitrantur.
570 1179 699 1256 Corpora
724 1179 844 1246 suorum
871 1182 995 1240 πίω
986 1201 1020 1240 ιιι

123 1273 226 1362 dubiis
251 1278 369 1358 proeliis
394 1278 532 1338 referunt
586 1277 708 1337 Scutum
735 1279 886 1357 reliquisse
911 1280 1020 1358 praeci·

128 1367 220 1453 puum
242 1373 395 1452 flagitium,
417 1395 472 1460 nec
495 1381 548 1433 aut
569 1365 657 1434 sacris
675 1375 773 1435 edesse
794 1373 847 1436 s'ut
864 1377 1019 1438 concilium

123 1471 203 1532 inire
224 1472 416 1550 ignominioso
437 1474 488 1545 fas,
514 1473 659 1550 multique
681 1473 858 1551 superstites
873 1474 1018 1580 bellorum

122 1567 278 1627 'infamiam
291 1568 395 1647 laqueo
408 1569 556 1629 finierunt.

187 1663 263 1727 VIL
291 1669 401 1746 Reges
422 1687 460 1726 ex
481 1668 643 1740 nobilitate,
664 1669 756 1727 duces
777 1687 815 1727 ex
836 1668 949 1729 virtute
970 1676 1017 1728 ιιι-

121 1757 220 1822 'munt
276 1763 341 1823 Nec
363 1747 481 1842 regibus
501 1764 619 1822 infinita
639 1769 693 1821 aut
713 1763 810 1822 libera
827 1771 962 1841 potestus,
986 1771 1017 1824 et

4 1893 5 1914 ι
122 1855 214 1918 'duces
237 1860 370 1937 exemplo
391 1859 490 1937 potius
513 1873 602 1938 quam
625 1858 757 1936 imperio,
782 1858 808 1918 si
830 1860 966 1938 prompti,
990 1861 1013 1920 ei

126 1957 281 2035 conspicui,
296 1959 322 2016 si
335 1963 407 2016 ante
425 1959 518 2016 aciem
537 1963 634 2035 egent,
651 1957 850 2016 ¹admiratione
867 1965 1013 2035 praesunt.

127 2053 264 2114 Ceterum
283 2059 379 2133 neque
398 2048 633 2113 animadvertere
651 2052 745 2131 neque
765 2053 885 2126 vincire,
900 2073 938 2113 ne
951 2075 1014 2128 uer-

125 2149 226 2210 berare
239 2152 359 2228 quidem
374 2152 433 2210 nisi
453 2151 650 2210 sacerdotibus
662 2149 848 2227 permissum,'
857 2156 918 2209 non
931 2153 1014 2228 qussi

125 2246 158 2304 in
177 2265 299 2324 poenam
318 2267 373 2306 nec
393 2249 474 2306 ducis
494 2239 583 2321 iussu,
605 2246 656 2304 scd
675 2247 759 2306 velut
773 2247 827 2306 deo
840 2247 1011 2324 imperante,

125 2362 212 2424 quem
225 2345 323 2404 adesse
336 2345 515 2404 bellantibus
535 2345 678 2417 credunt3
695 2344 912 2422 effigiesqueet
922 2345 1013 2422 'signs

111 2435 266 2520 'quaedam
279 2425 410 2501 detracta
423 2443 497 2501 lucis
511 2443 545 2501 in
555 2441 699 2520 proelium
718 2442 826 2502 ferunt:
843 2446 854 2498 ἵ
870 2441 1013 2520 Quodque

87 2543 89 2548 '
123 2541 310 2617 praecipuum
326 2540 508 2598 fortitudinis
526 2540 750 2598 incitamentum
769 2542 821 2612 est,
841 2557 902 2598 non
921 2558 1010 2613 meus,

123 2655 218 2714 neque
233 2637 355 2695 fortuita
374 2636 556 2714 conglobatio
576 2641 704 2695 turmam
722 2643 774 2696 aut
793 2655 918 2696 cuneum
931 2637 1009 2708 facit,

123 2733 175 2790 sed
186 2731 314 2792 familiae
326 2739 357 2792 et
369 2733 620 2810 propinquitates3
642 2740 672 2791 ct
685 2734 718 2791 in
731 2733 864 2810 proximo
877 2732 1007 2810 pignora,

122 2829 200 2888 undo
230 2814 406 2888 feminarum
432 2829 570 2888 ululatus
586 2828 690 2902 audiri,
713 2829 792 2887 unda
814 2827 934 2905 vagitus
968 2828 1011 2886 in-

111 2920 255 2989 'fantium
298 2929 344 2988 Hi
370 2929 474 3006 cuique
500 2927 675 2986 sanctissimi
701 2933 797 3000 testes,
826 2925 858 2985 hi
888 2922 1010 2984 maximi

112 3025 293 3087 'laudatores
336 3027 389 3084 Ad
408 3032 523 3097 matres,
545 3025 583 3082 ad
602 3025 737 3101 coniuges
751 3023 1008 3095 vulnemferunt=3

115 3125 175 3182 'nec
187 3124 256 3182 illae
269 3141 422 3202 numerare
435 3128 488 3180 aut
502 3121 618 3199 exigam
630 3122 730 3199 plagas
741 3125 859 3198 pavent,
873 3118 1010 3196 cibosque

114 3209 152 3280 'et
164 3221 332 3298 hortamina
345 3219 544 3298 pugnantibus
556 3223 680 3296 gestant.

110 3307 113 3314 ’
178 3315 274 3395 VIII.
317 3315 477 3376 Memoriae
489 3316 625 3394 proditur
637 3314 777 3393 quosdam
793 3311 869 3372 acies
887 3310 1007 3372 inclina-

110 3412 201 3472 'tes
191 3413 251 3473 ram
276 3419 308 3474 et
333 3413 466 3474 labantes
492 3433 511 3470 a
537 3413 652 3472 feminis
673 3413 825 3472 restitutas
845 3412 1008 3472 constantia

120 3528 239 3586 precum
266 3515 297 3569 et
323 3509 439 3570 obiectu
466 3513 614 3589 pectorum
641 3514 672 3569 et
694 3513 856 3570 monstrata
876 3507 1007 3569 cominus
