2406 3782
396 256 614 319 osannam
642 260 749 323 1.«-v.
999 273 1017 332 3

129 388 259 448 fabuloso
271 406 368 447 errore
381 389 415 447 in
427 389 505 448 hunc
520 389 669 451 Oceanum
687 392 817 450 delatum
836 389 930 454 adisse
951 391 1020 452 Ger-

128 487 242 546 maniae
262 493 362 561 terras,
384 487 659 567 Asciburgiumque‚
682 491 761 568 quod
780 490 813 548 in
835 489 899 568 ripa
920 490 1020 550 Rheni

128 585 218 642 sitnm
231 583 374 660 hodieque
386 584 533 657 incolitur,
548 585 586 645 ab
606 586 657 643 illo
678 586 870 646 constitutum
890 587 1021 646 nominu-

128 688 250 760 tumque
260 702 269 756 ;
290 702 371 742 aram
384 683 456 760 quin
477 683 566 742 etiam
586 683 674 743 Ulixi
694 689 889 748 consecratam
908 686 1021 748 adiecto

14 772 19 869 i
128 777 257 845 Laertae,
277 780 370 856 patris
397 780 516 838 nomine
542 780 643 839 eodem
670 780 733 839 loco
764 780 834 840 olim
865 787 1018 859 reparcam,

128 881 374 954 monumentaque
397 881 428 935 et
448 875 578 934 tumulos
600 877 741 954 quosdam
769 875 887 936 Graecis
913 877 1021 938 litteris

128 973 281 1050 inscriptos
307 973 341 1030 in
367 973 492 1033 confinio
520 973 693 1033 Germaniae
720 973 900 1053 Raetiaeque
926 975 1020 1035 adhuc

128 1075 248 1129 exstare
291 1068 374 1140 Quae
399 1089 496 1147 neque
523 1071 694 1130 confirmare
719 1073 900 1148 argumentis
925 1091 1020 1152 neque

127 1169 259 1228 refellere
271 1169 305 1227 in
317 1169 414 1230 animo
428 1175 472 1230 est
481 1190 491 1245 ς
511 1189 550 1230 ex
569 1169 686 1249 ingenio
706 1188 759 1231 suo
779 1169 902 1248 quisque
923 1170 1021 1230 demat

127 1266 175 1324 vel
188 1267 277 1327 addat
290 1267 385 1327 fidem.

187 1362 245 1422 IV.
288 1361 356 1441 Ipsa
376 1382 477 1422 eorum
497 1363 682 1443 opinionibus
702 1364 813 1432 accedo,
830 1364 883 1441 qui
903 1363 1020 1422 Germa·

128 1458 194 1520 uiae
215 1459 336 1537 populos
355 1459 445 1519 nullis
465 1460 530 1517 aliis
550 1459 673 1518 aliarum
693 1460 847 1520 nationum
868 1461 1021 1520 connubiis

129 1557 250 1640 iufectos
269 1558 416 1637 propriam
436 1564 466 1616 et
486 1557 626 1616 sinceram
647 1562 678 1616 et
697 1563 816 1616 tantum
835 1559 882 1616 sui
895 1557 1020 1617 similem

128 1660 246 1732 gentem
259 1654 406 1714 exstitisse
425 1654 614 1715 arbitrantur.
656 1653 747 1714 Unde
766 1654 885 1713 habitus
905 1673 1021 1734 quoque

129 1771 290 1828 corporum,
302 1771 479 1829 quamquam
492 1751 525 1809 in
537 1757 622 1810 tanto
636 1751 789 1812 hominum
801 1770 931 1825 numero,
942 1753 1021 1811 idem

129 1850 265 1908 omnibns
277 1870 286 1923 3
307 1855 403 1909 truces
416 1855 447 1906 et
460 1848 585 1908 caerulei
605 1848 690 1921 oculi,
705 1849 811 1908 rutilae
824 1868 930 1921 comae,
944 1869 1021 1926 mag·

128 1965 169 2004 na
190 1965 310 2024 corpora
335 1951 367 2003 et
392 1951 510 2004 tantum
536 1945 574 2004 ad
599 1946 743 2023 impetum
769 1945 886 2020 valida;
915 1946 1022 2006 laboris

129 2047 218 2119 atque
231 2061 351 2120 operum
368 2059 429 2098 non
449 2040 550 2099 eadem
562 2041 728 2118 patientia3
748 2041 926 2119 minimeque
939 2042 1020 2101 sitim

129 2144 300 2216 aestumque
312 2137 444 2212 tolerare,
459 2137 568 2216 frigora
580 2144 669 2216 atque
682 2138 811 2198 inediam
824 2139 903 2198 coelo
923 2140 1021 2200 solove

129 2241 291 2296 assuarrmt

189 2331 229 2392 V.
270 2332 367 2406 Terra,
390 2333 447 2392 etsi
470 2332 622 2410 aliquanto
648 2332 743 2411 specie
770 2332 877 2405 differt,
906 2334 938 2392 in
959 2335 1022 2398 uni·

129 2455 248 2494 versum
259 2440 360 2494 temen
372 2442 425 2494 aut
444 2434 527 2494 silvis
546 2433 663 2493 horrida
682 2440 735 2495 aut
754 2436 910 2512 paludibus
929 2437 1020 2510 foeda,

130 2532 279 2591 humidior
292 2551 350 2610 qna
363 2533 482 2606 Gallias,
497 2533 646 2591 ventosior
664 2550 724 2609 qua
742 2531 887 2592 Noricum
899 2552 933 2592 ae
947 2533 1023 2596 Par.-

124 2629 251 2688 ⁴neniam
269 2630 381 2706 aspicit,
402 2631 473 2690 satis
493 2631 583 2704 ferax,
603 2630 807 2707 frugiferarum
821 2631 958 2690 arborum
972 2631 1022 2690 im·

130 2727 252 2804 petiens,
274 2745 410 2804 pecorum
429 2726 553 2787 fecunda
562 2746 572 2800 ;
593 2726 643 2784 sed
662 2726 835 2804 plerumque
854 2728 1020 2805 imprecare

132 2824 180 2883 Ne
202 2823 342 2883 armentis
363 2824 481 2901 quidem
503 2841 575 2882 suus
596 2822 690 2881 honor
713 2828 766 2883 aut
785 2823 879 2900 gloria
899 2824 1023 2900 fronti&

124 2939 253 2980 numero
265 2920 402 2998 gaudent,
417 2939 524 2998 eaeque
537 2919 614 2978 solae
627 2925 658 2980 et
670 2919 850 2996 gratissime
863 2939 932 2997 opes
944 2927 1021 2984 sunt.

131 3017 300 3094 Argentum
313 3021 344 3074 et
357 3035 461 3075 aurum
481 3015 639 3093 propitiine
652 3035 691 3074 an
703 3014 774 3074 irati
786 3015 829 3074 dii
842 3018 1032 3092 negaverint,-

133 3113 245 3173 dubitc.
289 3113 353 3172 Nec
373 3118 474 3171 tamen
493 3112 698 3172 effimraverim
717 3113 830 3172 nullam
851 3113 1024 3173 Germaniae

132 3232 237 3271 venam
257 3217 411 3289 argentum
430 3230 572 3270 aurumve
591 3212 709 3289 gignere
719 3230 728 3284 ;
748 3211 813 3287 quis
826 3211 905 3269 anim
918 3217 1024 3272 scruta

132 3314 182 3367 tus
195 3309 257 3367 esti
298 3307 482 3368 Possessiona
495 3314 526 3368 et
540 3327 596 3367 usu
609 3307 688 3366 haud
707 3308 828 3385 perinde
848 3307 1020 3371 afficiuntur.

132 3405 188 3464 Est
200 3406 301 3465 videre
313 3405 392 3484 apud
404 3406 470 3464 illos
490 3411 627 3482 argentea
646 3423 724 3474 vasa,
744 3405 848 3483 legatis
868 3411 898 3463 et
917 3406 1024 3483 princi·

132 3502 218 3578 pibus
238 3523 339 3562 eorum
359 3504 475 3562 muneri
495 3503 571 3579 data,
593 3503 783 3563 nominalis
803 3503 917 3564 vilitate
935 3522 1023 3580 quam

869 3601 946 3659 1-2
