2406 3782
282 248 498 310 CFRMANIA
529 249 847 310 XXX—XXXVII.
971 253 1006 310 19

125 379 282 438 traduntur
287 399 297 454 3
332 380 441 458 excipit
470 379 548 438 filius
573 398 640 454 non,
669 384 704 437 ut
733 384 835 453 cetera,
864 381 1009 439 maximus

125 482 204 550 natu,
220 478 269 536 sed
282 484 370 554 prout
382 479 465 536 ferox
478 478 555 536 bello
569 483 599 536 et
612 477 720 536 melior.

183 573 341 632 XXXIII.
384 575 476 632 quta
493 573 648 632 Tencteros
670 572 804 632 Bructeri
824 573 894 634 olim
915 595 1009 634 occur-

124 673 227 732 rebant
232 693 241 746 ;
262 692 341 731 nunc
368 672 529 731 Chamavos
555 676 585 728 et
611 671 805 748 Angrivarios
831 673 1011 748 immigrasse

124 775 266 842 narratur,
281 769 372 846 pulsis
386 768 535 826 Bructeris
551 787 583 825 ac
597 767 715 844 penitus
732 766 834 825 excisis
847 767 1009 826 vicinarum

124 866 437 924 consensu'nationum
463 883 514 922 seu
540 863 692 941 superbiae
714 865 788 934 odio,
812 883 864 939 seu
886 867 1009 942 praedae

124 961 284 1034 dulcedine,
303 981 354 1020 seu
371 963 470 1020 favore
488 962 614 1038 quodam
631 980 699 1037 erga
716 979 769 1019 nos
787 961 922 1036 deorum,
939 982 1010 1020 nam

123 1077 161 1117 ne
179 1058 341 1135 spectaculo
359 1058 477 1135 quidem
499 1058 602 1145 proelii
627 1056 765 1116 invidere.
809 1057 903 1135 Super
929 1077 1009 1116 sexa·

123 1156 205 1232 ginta
232 1155 313 1212 milia
338 1173 398 1212 non
424 1155 512 1212 armis
538 1155 662 1231 telisque
680 1153 829 1227 Romanis,
850 1155 908 1224 sed,
931 1156 1009 1231 quod

124 1250 355 1328 magnificentius
381 1256 433 1322 est,
458 1251 644 1310 oblectationi
667 1250 814 1328 oculisque
834 1239 1006 1312 aeciderunt

125 1347 253 1422 Maneat,
264 1368 377 1426 quaeso,
390 1350 531 1426 duretque
544 1349 685 1426 gentibus,
703 1350 727 1406 si
740 1369 800 1407 non
813 1369 895 1410 amor
907 1353 1006 1425 nostri,

124 1452 156 1504 at
179 1453 255 1506 certe
271 1448 371 1506 odium
392 1447 445 1519 sui,
471 1447 587 1524 quando
612 1446 785 1522 urgentibus
800 1446 925 1525 ¹imperii
941 1449 1009 1506 fatis

124 1541 198 1600 nihil
211 1543 270 1601 iam
278 1549 424 1621 praestare
433 1542 565 1600 Fortuna
572 1541 665 1600 maius
675 1547 771 1620 potest
780 1560 869 1620 quem
879 1543 1008 1604 hostium

124 1637 303 1698 discordiam.

183 1732 338 1796 XXXIV.
381 1737 572 1816 Angrivarios
608 1745 638 1798 et
672 1739 832 1798 Chamavos
873 1761 891 1798 a
927 1746 1008 1818 tergo
1080 1752 1082 1756 ·

124 1831 279 1911 Dulgibini
298 1841 328 1893 et
347 1831 497 1894 Chasuarii
517 1838 646 1910 cludunt,
664 1839 795 1916 aliasque
814 1846 914 1916 gentes
930 1841 1009 1899 haud

123 1929 242 2006 perinde
259 1939 447 2006 memoratae,
468 1934 596 1992 aironte
615 1935 703 1993 Frisii
718 1936 877 2014 excipiunt.
918 1938 1009 1996 Maio-

123 2025 203 2092 ribus
229 2027 445 2105 minoribusque
471 2029 573 2086 Frisiis
596 2030 769 2088 vocabulum
796 2037 901 2090 estex
924 2033 1009 2090 modo

122 2123 237 2183 virium.
280 2126 433 2205 Utrseque
445 2128 578 2186 nationes
591 2148 683 2206 usqua
696 2129 733 2188 ad
745 2129 892 2198 Oceanum
903 2130 1008 2188 Rheno

122 2229 342 2304 praetexuntur,
376 2225 566 2303 ambiuntque
599 2225 753 2284 immensos
785 2227 904 2304 insuper
930 2228 1009 2286 lacus

122 2327 153 2380 et
175 2321 315 2379 Romanis
336 2321 473 2388 classibus
497 2323 654 2400 navigates.
697 2323 800 2400 Ipsum
824 2325 896 2400 quin
920 2325 1009 2384 etiam

123 2418 271 2478 Oceanum
285 2418 338 2476 illa
352 2420 539 2488 tentavimus
556 2426 587 2479 et
599 2439 746 2497 superesse
762 2421 856 2478 adhuc
870 2418 1008 2479 Herculis

9 2577 10 2598 χ
122 2515 270 2574 columnas
300 2517 377 2574 fama
410 2515 550 2592 vulgavit,
579 2516 640 2574 sive
666 2516 740 2574 adiit
767 2515 918 2589 Hercules,
946 2536 1005 2590 seu,

9 2609 10 2632 ³
121 2613 260 2692 quicquid
285 2613 393 2690 ubique
416 2612 602 2690 magnificum
629 2619 681 2685 est,
705 2613 737 2670 iu
761 2613 922 2672 claritatem
946 2614 1008 2672 eius

121 2711 229 2770 referre
262 2710 462 2768 consensimus.
515 2710 578 2768 Nec
612 2709 705 2767 defirit
738 2707 888 2769 audentia
910 2709 1008 2770 Druso

9 2861 10 2898 3
123 2807 300 2880 Germanico,
323 2807 374 2865 sed
394 2807 508 2866 obstitit
528 2807 659 2866 Oceanus
674 2808 707 2864 in
723 2825 753 2864 ss
769 2806 856 2864 simul
872 2813 959 2884 atque
975 2809 1008 2866 in

9 2917 10 2924 ³
122 2901 282 2962 Herculem
295 2904 412 2980 inquiri.
443 2903 518 2962 Mox
527 2923 612 2961 nemo
626 2903 762 2976 tentavit,
777 2905 961 2981 sanctiusque
974 2925 1008 2964 ac

9 2991 10 3004 ³
121 3001 302 3059 reverentius
314 3000 410 3058 visum
423 3001 459 3058 de
472 3001 543 3059 actis
556 3002 675 3059 deorum
689 3003 803 3060 credere
816 3021 903 3078 quam
916 3001 994 3061 scire.

181 3097 319 3156 XXXV.
361 3097 514 3156 Hactenus
544 3098 577 3155 in
613 3099 789 3156 occidentem
823 3099 1008 3158 Germaniam
1086 3128 1091 3138 ·

121 3194 263 3252 novimus.
306 3192 344 3250 In
360 3194 587 3271 septentrionem
605 3194 719 3272 ingenti
736 3195 816 3254 flexu
833 3196 919 3254 redit.
960 3197 1007 3255 Ac

121 3290 215 3366 primo
233 3289 334 3347 statim
349 3289 530 3348 Chaucorum
550 3309 627 3368 gens,
651 3311 827 3368 quamquam
847 3292 969 3370 incipiat
991 3313 1009 3350 a

121 3385 225 3444 Frisiis
248 3405 281 3444 ac
301 3392 414 3462 partem
438 3386 532 3445 litoris
556 3394 682 3465 occupet,
707 3389 844 3463 omnium,
868 3408 940 3466 quas
962 3409 1009 3446 ex-

120 3483 213 3561 posui,
233 3484 365 3560 gentium
380 3482 519 3542 lateribus
535 3485 712 3560 obtenditur,
731 3486 821 3544 donec
837 3486 869 3544 in
888 3485 1005 3543 Chattos

851 3584 929 3640 2-2
