2390 3782
317 287 517 350 submota
547 287 806 350 XVIII.-··XXI.
974 289 1008 349 lb

125 435 269 494 quemque
288 415 461 474 fidissimum
480 421 600 496 putare3
624 416 722 476 omnia
739 415 821 488 seire,
835 435 892 474 non
913 417 1011 478 omnia

125 512 246 598 essequi
255 532 265 584 3
285 511 383 587 parvis
402 513 529 588 peccatis
550 513 674 584 veniam,
693 513 806 588 maguis
825 512 1011 574 severitatem

125 611 314 681 oommodare,
328 628 382 672 aee
400 627 493 686 poena
506 629 626 688 semper,
640 610 690 669 sed
703 610 817 686 saepius
831 609 1011 690 poerritentia

125 713 280 768 oontoutus
304 725 384 778 essa;
413 706 512 767 officiis
534 712 564 766 et
587 707 888 768 administrationibus
913 707 1011 783 potius
1122 771 1126 778 ,

126 825 187 864 uon
211 813 378 882 peccaturos
411 822 597 884 praeponere,
626 825 714 883 quam
746 807 892 878 damnare,
920 825 1011 882 quum

126 911 297 981 peooassent
360 905 515 967 Frumenti
551 911 582 963 et
616 905 795 964 tributorum
831 905 1012 965 exaedouem

126 1001 302 1078 aequalitate
331 1021 486 1061 munerum
514 1000 635 1073 mollire,
663 1000 845 1069 cucumam,
872 1018 947 1078 quae
979 1000 1012 1060 in

127 1104 280 1178 quaestum
302 1105 418 1177 reperta
438 1099 502 1176 ipso
527 1099 640 1158 tributo
660 1098 778 1176 gravius
803 1097 1011 1162 tolerabantur·¹

128 1193 264 1272 Namque
290 1213 343 1272 per
367 1195 528 1256 ludibrium
554 1193 679 1253 assidere
706 1194 810 1254 clausis
842 1191 952 1252 horreis
982 1199 1012 1252 et

128 1309 224 1350 emere
248 1291 327 1350 ultro
349 1291 498 1350 frumenta
520 1309 554 1348 aa
576 1290 676 1347 ludere
698 1289 793 1366 pretio
814 1290 992 1365 cogebantur
1002 1312 1010 1363 ;

121 1387 260 1446 devortia
270 1388 409 1446 itinerum
419 1392 449 1444 et
459 1385 1010 1462 longinquitasregionumindicebatur,

120 1491 164 1541 «ut
192 1485 330 1556 civitates,
364 1482 505 1560 proximis
531 1480 668 1552 bibernis,
696 1481 728 1538 in
754 1485 865 1538 remota
892 1487 922 1539 et
947 1482 1012 1542 avia

105 1612 109 1620 ·
122 1580 283 1652 deferrent,
293 1581 392 1647 donee,
406 1579 484 1656 quod
493 1577 627 1636 omnibus
637 1577 670 1637 in
683 1583 820 1656 promptu
831 1583 900 1650 erat,
914 1579 1012 1654 paucis

129 1676 274 1734 lucrosum
287 1677 377 1734 fieret

190 1772 262 1832 XX
304 1773 387 1832 Haeo
399 1773 494 1852 primo
504 1773 605 1832 statim
618 1791 695 1830 anno
708 1773 922 1849 comprimendo
936 1792 1013 1849 egre-

121 1853 124 1860 ¹
130 1870 209 1945 giam
230 1870 337 1928 famam
355 1872 419 1948 paui
440 1870 637 1942 circumdedit,
663 1888 737 1946 quae
758 1868 805 1927 vel
832 1853 945 1928 ineuria
966 1871 1013 1928 uel

122 1955 317 2024 'intolerantia
337 1967 466 2042 priorum
488 1965 566 2024 haud
587 1965 684 2023 minus
704 1985 791 2042 quam
807 1966 915 2024 bellum
932 1966 1014 2024 time·

131 2051 226 2121 batur.
277 2051 334 2120 Sed
360 2063 411 2120 ubi
437 2068 530 2119 aestas
557 2063 684 2133 advenit,
710 2067 857 2121 eontraato
884 2063 1013 2124 exercitu

121 2149 244 2237 multus
262 2159 295 2216 in
311 2159 433 2234 agmine,
452 2158 571 2217 laudare
589 2158 768 2230 modestiam,
789 2145 928 2217 disiectos
939 2167 1013 2219 cotir-

121 2276 215 2331 „cere;
236 2257 298 2314 loca
314 2258 415 2314 eastris
430 2257 491 2333 ipse
509 2265 620 2334 capere,
639 2257 784 2315 aestuaria
802 2276 835 2314 aa
853 2258 940 2315 silvas
953 2259 1014 2338 ipse

131 2358 334 2428 praetentare,
361 2358 391 2411 et
414 2351 489 2411 nihil
514 2352 634 2409 interim
656 2353 734 2428 apud
760 2341 862 2410 hostes
882 2355 1014 2436 quietum

131 2447 203 2525 pati,
224 2449 377 2525 quominus
392 2448 497 2506 subitis
514 2449 681 2507 excursibus
701 2449 888 2526 popularetur
897 2471 906 2523 3
928 2457 1014 2528 atque

122 2531 185 2601 'ubi
197 2545 268 2602 satis
285 2550 437 2617 terruerat,
458 2545 600 2622 parcendo
618 2564 719 2604 rursus
736 2547 918 2604 irritamenta
937 2548 1015 2624 pacis

121 2646 286 2722 ostentare.
329 2641 441 2709 Quibus
467 2643 554 2699 rebus
579 2642 689 2700 multae
715 2643 855 2719 civitates,
884 2649 957 2720 quae
983 2644 1015 2700 iu

132 2739 217 2796 illum
243 2739 320 2797 diem
346 2757 384 2796 ex
404 2759 496 2816 aequo
520 2745 646 2816 egerant,
673 2740 748 2798 datis
771 2741 918 2806 obsidibus
941 2741 1016 2800 iram

131 2843 260 2913 posuere,
272 2844 302 2896 et
316 2839 465 2916 praesidiis
479 2840 659 2918 castellisque
674 2841 875 2914 circumdatae,
890 2847 919 2900 et
933 2847 1014 2900 tauta

121 2919 245 2990 'rarione
259 2952 384 3010 curaque
396 2940 432 2992 ut
444 2937 526 2994 nulla
539 2942 607 2994 ante
622 2937 793 2995 Britanniae
806 2923 883 2996 nova
895 2957 968 3015 pars
1066 2971 1073 2992 .

192 3028 284 3088 XXI.
325 3030 486 3090 Illaoessita
516 3033 635 3092 transiit
661 3053 783 3110 sequeus
812 3035 910 3106 hiems,
943 3034 1016 3092 salu·

121 3117 266 3191 {berrimis
279 3129 405 3187 consiliis
417 3130 577 3207 absumpta
620 3119 756 3208 Namque
769 3138 804 3188 ut
817 3131 947 3189 homines
960 3131 1016 3187 dis·

122 3221 210 3300 'persi
231 3242 264 3281 ao
282 3224 369 3283 rudes
390 3244 481 3303 eoque
501 3227 578 3286 bello
598 3227 696 3287 faciles
718 3228 811 3304 quieti
833 3234 863 3286 et
881 3229 941 3286 otio
965 3246 1016 3304 per

131 3310 300 3394 voluptates
330 3328 534 3408 assuescerent,
564 3322 676 3408 hortari
707 3321 853 3406 privatim,
878 3323 1015 3407 adiuvare

120 3416 255 3494 publice,
273 3421 308 3476 ut
325 3418 441 3495 templa,
460 3420 530 3500 fora,
549 3419 648 3478 domos
664 3423 855 3490 exstruerent,
872 3419 1014 3481 laudande

132 3519 280 3602 promptos
293 3519 323 3572 et
336 3515 502 3591 castigando
520 3534 627 3604 segnes.
670 3515 718 3572 Ita
732 3515 848 3572 honoris
862 3514 981 3571 aemula*¹
