2390 3782
169 251 205 306 m
428 245 628 308 eorunm]
655 242 796 324 raeiri

168 378 277 455 posteri
309 397 425 436 noscere
459 356 559 449 velint,
595 377 742 435 decentior
778 396 866 453 quam
901 367 1053 434 sublimior

169 475 225 533 fuit
236 495 247 548 3
273 475 349 533 nihil
375 481 470 532 metus
496 475 528 531 in
555 475 660 547 vultu;
689 467 786 550 gratia
811 474 868 532 oris
895 481 1051 551 supererat.

170 570 286 630 Bonum
303 573 401 631 virum
421 573 506 632 facile
523 573 659 647 crederes,
681 592 818 650 magnum
840 574 971 633 libenter.
1013 574 1055 632 Et

170 669 230 747 ipse
256 671 381 748 quidem,
414 691 590 749 quamquam
620 671 715 729 medio
745 671 779 728 in
804 672 898 747 spatio
924 655 1054 748 integrae

171 771 274 828 aetatis
305 775 429 848 ereptus,
460 776 604 847 quantum
633 769 670 826 ad
700 769 830 845 gloriam,
855 769 1055 846 longissimum

171 886 275 926 aevum
287 867 399 944 peregit
409 887 420 941 3
440 867 547 944 quippe
560 872 590 923 et
605 885 671 924 vera
689 867 772 939 bona,
793 885 866 943 quae
885 867 918 924 i'n
938 864 1057 924 virtutiss

172 964 226 1021 bus
240 964 296 1020 sita
308 968 385 1034 sunt,
405 962 584 1039 impleverat,
606 968 640 1020 et
657 962 801 1020 consulari
820 983 854 1020 ac
873 962 1056 1039 triumphali-

172 1060 228 1119 bus
251 1060 426 1118 ornamentis
446 1059 578 1136 praedito
600 1058 672 1135 quid
693 1057 772 1115 aliud
792 1064 920 1116 astruere
939 1059 1058 1116 fortuna

174 1157 306 1233 poteratl
348 1156 459 1233 Opibus
473 1155 572 1213 nimiis
584 1173 644 1212 non
657 1155 808 1230 gaudebat,
830 1155 973 1231 speciosae
992 1149 1057 1214 conss

174 1253 307 1327 tigerant.
350 1253 427 1310 Filia
447 1257 534 1328 atque
557 1270 648 1310 uxore
674 1251 877 1328 superstitibus
898 1258 994 1328 potest
1007 1249 1060 1309 'vi-

175 1347 238 1404 deri
259 1349 347 1407 etiarn
368 1349 470 1407 beatus
492 1347 632 1406 incolumi
655 1348 804 1423 dignitate,
829 1348 949 1406 florente
971 1348 1055 1422 fama,

176 1444 262 1502 salvis
280 1445 468 1504 affinitatibus
487 1452 517 1503 ct
535 1445 671 1503 amicitiis
684 1445 784 1502 futura
798 1445 936 1520 ciiirgisse.
978 1444 1056 1502 Nam

177 1541 262 1598 siniti
276 1541 380 1599 durare
393 1542 426 1599 in
438 1542 513 1599 hano
526 1541 685 1599 beatissimi
704 1541 794 1600 seculi
812 1541 907 1598 lucem
927 1560 960 1598 ac
980 1541 1060 1617 prin·

172 1638 269 1714 cipem
296 1637 452 1696 Traianum
477 1638 576 1697 videre
602 1639 749 1716 qnondam
779 1638 900 1714 augurio
926 1639 1060 1715 votisque

178 1736 256 1811 apud
275 1742 387 1793 nostras
406 1754 490 1792 aures
509 1737 700 1806 minabatur,
720 1737 762 1794 ita
783 1735 936 1794 festinatae
958 1736 1061 1792 mortis

178 1832 285 1908 grande
308 1831 442 1889 solatium
463 1832 534 1890 tulit
554 1834 676 1890 evasisse
695 1838 873 1910 postremum
893 1832 968 1892 illud
988 1834 1061 1890 tein-

178 1947 241 2004 pus,
256 1946 314 2004 quo
327 1926 512 1986 Domitianus
525 1947 585 1985 non
598 1928 656 1985 iam
676 1947 728 2004 per
747 1928 901 1987 intervalla
920 1948 953 1986 ao
973 1927 1062 2004 spira·

179 2030 277 2081 menta
290 2029 461 2100 temporum,
476 2024 526 2083 sed
539 2025 677 2100 continuo
694 2031 725 2082 et
737 2025 819 2082 velut
838 2044 898 2083 uno
917 2025 980 2084 ictu
999 2043 1062 2082 rem

180 2120 323 2197 publicam
337 2120 478 2182 exhausit.

239 2218 335 2281 XLV.
377 2221 448 2279 Non
469 2220 546 2278 vidit
569 2219 708 2297 Agricola
729 2221 871 2279 obsessam
899 2223 1009 2280 curiam
1033 2228 1064 2280 et

181 2316 310 2375 clausum
328 2318 416 2375 armis
436 2323 576 2390 senatum,
600 2323 630 2374 et
650 2318 749 2376 eadem
776 2324 870 2396 strage
897 2324 943 2376 tot
965 2337 1065 2378 consu·

181 2411 286 2471 larium
304 2415 410 2484 caedes,
428 2420 474 2472 tot
491 2415 733 2474 nobilissimarum
746 2417 919 2474 feminarum
933 2417 1021 2474 exilia
1034 2424 1065 2475 et

179 2509 269 2586 fugas.
312 2511 383 2569 Una
395 2510 490 2568 adhuc
502 2511 622 2569 victoria
643 2511 734 2570 (larus
755 2513 865 2572 Metius
885 2515 1063 2588 censebatur,

180 2613 212 2664 et
224 2607 302 2664 intra
316 2608 462 2667 Albanam
474 2627 568 2666 arcem
581 2610 726 2667 sententia
740 2610 890 2668 Messalini
909 2613 1064 2689 strepebat,

183 2709 214 2760 et
227 2704 324 2762 Massa
337 2705 462 2764 Baebius
475 2711 539 2764 tum
552 2723 617 2764 reus
632 2713 701 2767 erat.
744 2708 818 2766 Mox
831 2716 947 2768 nostrae
957 2710 1067 2769 duxere

183 2800 355 2860 Helvidium
368 2803 401 2861 in
414 2821 555 2860 carcerem
568 2821 677 2877 manus,
692 2823 745 2862 nos
759 2805 883 2864 Maurici
894 2807 1068 2884 Rusticique

183 2896 270 2969 risus,
284 2915 337 2954 nos
350 2896 496 2956 innocenti
515 2899 654 2974 sangiune
672 2899 790 2958 Senecio
810 2902 944 2977 perfudit.
986 2902 1068 2962 Nero

184 2996 283 3050 tamen
307 2992 455 3051 subtraxit
473 2994 576 3051 'cordos
603 3009 677 3068 suos,
703 2996 844 3075 iussitque
871 3000 984 3072 scelera,
1008 3019 1069 3059 non

185 3088 327 3164 spectavit
335 3109 346 3162 3
366 3087 518 3166 praecipua
538 3091 592 3148 sub
613 3091 782 3150 Domitiano
801 3079 981 3156 miseriarum
1001 3117 1070 3175 pars

185 3189 248 3242 erat
273 3185 371 3243 videre
398 3192 428 3242 et
454 3186 550 3263 aspiri,
576 3203 668 3263 quum
685 3189 809 3266 suspiria
828 3199 927 3250 nostra
948 3195 1071 3254 subscri-

185 3282 331 3355 berentur‚
355 3300 446 3359 quum
466 3282 640 3340 denotandis
664 3291 710 3342 tot
735 3286 885 3345 hominmn
910 3289 1070 3365 palloribus

186 3377 329 3436 sufficeret
354 3397 456 3437 saevus
476 3377 526 3437 illc
551 3379 651 3439 vultus
674 3387 705 3439 ct
724 3383 819 3458 rubor,
841 3405 899 3463 quo
919 3407 949 3445 se
969 3395 1072 3448 contri

186 3475 325 3553 pudorem
339 3476 495 3534 muniebat.
