2390 3782
293 278 497 342 AGRICOLA
525 278 792 340 xxm-XXIX„
951 282 985 342 19

106 411 299 490 ploratoribus
319 411 437 470 edoctam
457 417 488 469 at
507 410 638 488 vestigiis
663 410 819 482 insecutus,
848 409 987 469 velocissi-

105 529 166 567 mos
180 509 312 587 equitum
325 508 515 586 peditumque
528 507 669 567 assultare
686 507 776 586 tergis
793 506 987 585 pugnantium

104 605 193 678 iubet,
208 624 277 662 mox
290 605 327 662 ab
340 605 483 663 universis
496 605 582 662 adiici
595 604 767 678 clamorem,
782 610 813 662 et
825 602 987 681 propinqua

104 699 166 759 luce
183 701 289 758 fulsere
302 701 392 777 signa.
434 700 485 758 Ita
497 701 617 777 ancipiti
630 700 707 758 malo
720 699 817 759 territi
830 699 985 772 Britanni,

105 806 134 858 et
160 798 301 857 Romanis
323 799 411 856 rediit
436 799 559 871 animus,
582 816 615 855 ao
638 799 731 856 securi
756 818 809 875 pro
831 797 924 857 saluta
951 796 985 856 de

103 898 195 976 gloria
214 899 370 956 certabant.
414 896 505 956 Ultro
529 896 601 974 quin
623 899 712 956 etiam
729 915 858 974 erupere,
879 903 910 955 at
927 895 986 955 fuit

103 1001 189 1051 stmx
201 995 234 1050 in
246 994 316 1070 ipsis
329 999 479 1072 porterum
492 994 635 1070 angustiis
647 993 797 1070 proelium,
810 993 899 1052 donec
909 992 984 1070 pulsi

103 1091 206 1161 hostes,
221 1098 345 1167 utroque
359 1091 489 1149 exercitu
508 1097 645 1165 certante,
659 1089 714 1164 his,
729 1097 764 1150 ut
778 1091 880 1150 tulisse
892 1111 984 1170 opem,

102 1188 169 1262 illis,
185 1209 223 1247 ne
237 1190 347 1266 eguisse
360 1189 470 1248 auxilio
483 1188 659 1248 viderentur.
699 1188 784 1258 Quod
797 1189 854 1248 nisi
867 1188 985 1267 paludes

102 1291 132 1342 et
155 1285 246 1343 silvae
263 1285 407 1362 fugientes
428 1285 579 1358 texissent,
602 1285 779 1344 debellatum
798 1284 850 1342 illa
864 1286 986 1344 victoria

101 1385 183 1442 foret.

161 1480 302 1540 XXVII.
347 1483 438 1541 Ouius
459 1481 633 1540 conscientie
656 1501 689 1540 ac
708 1482 786 1540 sarna
803 1482 886 1540 ferox
905 1499 986 1542 axor-

100 1579 176 1638 oitus
189 1580 264 1637 nihil
276 1581 383 1638 virtuti
396 1599 464 1638 suae
482 1579 604 1651 invium,
627 1585 658 1638 et
678 1579 884 1657 penetrandam
906 1580 992 1639 Uale·-

100 1677 219 1734 doniam
232 1676 497 1754 inveniendumque
511 1678 629 1735 tandem
644 1677 813 1736 Britanniae
826 1679 985 1736 terminum

100 1775 239 1831 contiuuo
251 1773 428 1850 proeliorum
441 1791 526 1831 cursu
539 1775 719 1848 fremebant3
739 1781 826 1851 atque
841 1775 887 1834 illi
900 1776 985 1833 modo

99 1871 180 1928 cauti
193 1889 226 1928 ac
239 1871 382 1946 sapientes
392 1871 518 1947 prompti
532 1877 598 1947 post
611 1878 748 1930 eventum
761 1892 794 1930 ac
807 1871 986 1950 magniloqui

99 1973 192 2025 erant
236 1966 426 2043 Iniquissima
439 1967 510 2024 haec
522 1967 665 2026 bellorum
678 1969 807 2027 condicio
826 1975 888 2042 est,
908 1988 985 2046 pros-

97 2082 171 2140 pera
193 2082 293 2120 omnes
313 2064 368 2121 sibi
384 2063 547 2141 *vindicant
569 2065 688 2123 adversa
714 2067 766 2123 uni
793 2066 983 2142 imputantur.

98 2161 147 2215 At
169 2157 315 2230 Britanni,
329 2178 389 2216 non
406 2160 523 2234 virtute,
538 2160 587 2218 sed
607 2161 752 2220 occasione
773 2168 802 2220 et
821 2168 884 2220 arte
903 2162 984 2219 ducis

97 2255 196 2312 elusos
217 2255 282 2327 rati,
308 2255 383 2312 nihil
403 2275 441 2314 ex
460 2258 625 2333 arrogantia
651 2259 808 2332 remittere,
830 2260 984 2335 quominus

96 2353 286 2411 iuventutem
299 2359 454 2424 armarant,
469 2353 603 2430 coniuges
617 2373 649 2410 ao
667 2355 772 2413 liberos
785 2357 818 2412 in
835 2356 898 2414 loca
915 2363 982 2414 tuta

96 2449 299 2520 transferrent,
315 2450 443 2507 coetibus
456 2469 489 2506 ao
505 2449 650 2507 sacrificiis
663 2451 904 2528 conspirationem
917 2453 985 2510 civi—

96 2551 198 2604 tatum
218 2547 370 2604 sancirent.
413 2547 515 2623 Atque
528 2547 571 2604 ita
583 2547 706 2606 irritatis
720 2550 867 2626 utrimque
880 2550 985 2608 animis

96 2641 263 2700 discessum.
869 2655 872 2661 “

160 2738 320 2798 XXVIII.
364 2739 472 2798 Eadem
496 2746 604 2799 aestate
625 2742 725 2800 cohors
746 2735 917 2820 Usipiorum
934 2760 986 2820 per

97 2835 276 2894 Germanias
303 2837 464 2913 conscripta
491 2843 521 2894 et
547 2838 579 2894 in
603 2838 787 2898 B1itanniam
817 2840 986 2897 transmissa

96 2953 241 3011 magnum
254 2952 287 2991 ac
304 2934 489 2991 memorabile
503 2934 614 2992 facinus
632 2953 701 2994 ausa
715 2941 765 2993 est.
809 2935 908 2994 Occiso
922 2954 986 2993 cen·

94 3032 218 3090 tutione
240 3051 273 3088 ac
294 3030 444 3103 militibus,
470 3031 522 3106 qui
549 3031 586 3087 ad
612 3031 782 3089 tradendam
805 3031 986 3108 disciplinam

94 3129 225 3187 immisti
246 3127 403 3204 manipulis
422 3127 588 3205 exemplum
602 3135 631 3185 et
649 3135 773 3186 rectores
794 3128 984 3200 habebantur,

95 3237 160 3288 tres
187 3227 345 3285 liburnicas
372 3224 481 3283 adactis
507 3245 559 3301 per
585 3225 645 3282 vim
676 3225 917 3300 gubernatoribus
944 3244 996 3281 as-.

95 3323 242 3396 cendemg
266 3327 297 3380 et
319 3340 379 3380 uno
401 3321 569 3397 remigante,
595 3320 735 3398 suspectis
759 3321 870 3378 duobus
897 3338 986 3396 eoque

94 3419 269 3492 interfectis,
298 3418 430 3477 nondum
455 3417 574 3494 vulgato
601 3437 722 3476 rumora
754 3424 789 3474 ut
815 3417 986 3474 miraculum

94 3517 358 3598 praevehabantur.
395 3513 468 3572 Mox
478 3512 515 3570 ad
529 3533 634 3590 aquam
643 3518 731 3588 atque
744 3511 830 3570 utilia
842 3510 986 3587 rapientes

831 3605 908 3661 2-a
