2390 3782
273 258 473 320 AGRICOLd
504 259 793 321 XXX-XXXII.
942 266 978 324 21

133 388 237 447 renimd
249 388 343 464 efforts
356 389 393 464 eff
399 411 419 448 a
430 390 550 448 litberto
561 391 764 467 aneonqaered
769 393 876 468 psopte,
891 395 980 453 wbose

124 477 258 553 freedom
283 478 310 536 is
334 477 497 538 threatened
524 478 603 553 byn
622 479 836 540 mantuanae
862 481 923 540 boet
951 482 987 557 os

133 563 270 623 artesae
290 563 381 624 abab
400 565 427 622 is
445 564 512 624 belot
530 565 651 640 topetber
671 566 707 641 by
717 567 790 644 seor
808 567 872 627 ond
891 577 980 632 terrm

133 652 231 712 rutber
244 651 313 712 doun
327 650 485 730 tyfirlettey
499 652 562 711 osred
572 652 707 730 offeotiora

153 773 260 833 XXX
311 773 453 844 Quotiens
484 791 598 832 oaussas
627 772 697 832 belli
723 778 754 834 et
779 776 980 838 necessitatem

95 876 224 930 nostram
236 870 360 943 intueor,
375 888 499 947 magnus
516 869 590 928 mibi
610 870 725 928 animus
746 877 791 930 ost
808 871 980 936 hodiernum

95 968 172 1026 diem
196 985 424 1044 oonsensumque
450 971 581 1024 vestrum
606 966 726 1026 initium
752 968 904 1038 libertatis
923 971 979 1030 toti

95 1063 267 1123 Britanniae
279 1064 348 1127 fore,
391 1062 470 1122 Nam
484 1069 514 1120 et
526 1062 666 1121 universi-ยนโด
671 1063 822 1124 servitutis
835 1072 977 1143 expertes,

95 1169 125 1220 et
146 1160 246 1220 mdlae
268 1160 348 1220 ultra
374 1165 476 1232 terrae,
498 1179 532 1218 eo
551 1177 589 1218 ne
609 1178 688 1218 mare
708 1161 827 1237 quidem
847 1181 980 1222 securum

94 1260 266 1319 imminente
279 1258 364 1318 nobis
378 1258 467 1316 alasse
481 1257 621 1316 Romana
663 1257 714 1316 Ita
730 1259 873 1336 proelium
892 1267 980 1340 atque

94 1375 182 1428 arma,
209 1373 282 1431 quae
310 1355 436 1413 fortibus
463 1353 593 1427 honesta,
623 1353 723 1414 eadem
750 1355 840 1414 etism
867 1357 980 1434 ignavis

94 1452 242 1511 tutissima
275 1457 353 1512 sunt
403 1450 520 1512 Priores
552 1469 674 1527 pugnae,
703 1452 809 1527 quibus
842 1453 979 1516 adversus

93 1549 243 1607 Romanos
253 1548 334 1606 varia
344 1547 461 1604 fortuna
471 1551 676 1620 certatumest,
687 1565 767 1623 spem
777 1567 810 1606 ae
819 1549 979 1608 subsidium

94 1643 126 1705 in
147 1641 255 1699 nostris
274 1641 408 1700 manibus
427 1641 582 1714 habebant,
605 1641 676 1718 quie
695 1641 868 1700 nobilissimi
889 1645 980 1704 totius

93 1737 274 1811 Britanniae,
289 1738 369 1814 iique
382 1738 415 1794 in
434 1737 505 1814 ipsis
524 1737 721 1814 penetralibus
739 1739 798 1814 siti,
821 1759 874 1799 neo
892 1743 979 1800 servi-

92 1834 208 1894 entium
229 1833 316 1892 litora
336 1833 516 1911 aspicientes,
540 1833 637 1891 oeulos
663 1853 779 1913 qnoque
800 1855 819 1894 a
842 1843 978 1898 oontaotu

93 1931 300 1990 dominationis
313 1930 469 1989 inviolatos
486 1929 669 1991 habebamus
711 1931 743 1990 N
744 1950 775 1989 os
791 1937 933 1991 terrarum
947 1954 979 1994 so

92 2028 239 2088 libertatis
263 2035 409 2086 extremos
429 2046 557 2086 recessus
582 2027 645 2111 ipse
667 2047 700 2086 ao
721 2029 803 2088 sinus
829 2030 921 2088 famae
947 2032 977 2090 in

92 2125 172 2208 huno
192 2125 269 2184 diem
289 2125 427 2198 defendit,
442 2130 530 2202 atque
546 2143 632 2182 omne
646 2125 780 2202 ignotum
799 2145 852 2204 pro
870 2128 978 2203 mugni-

91 2227 147 2284 fioo
168 2232 219 2284 est
261 2225 318 2284 Sed
331 2243 410 2282 nuno
422 2225 566 2282 terminus
580 2222 751 2284 Britanniae
763 2231 852 2302 patet.
887 2225 980 2284 Nulla

91 2325 153 2382 ism
166 2321 246 2379 ultra
258 2339 334 2398 gens,
349 2319 425 2378 nibil
438 2321 496 2378 nisi
514 2320 621 2378 fluetus
634 2329 664 2378 et
677 2339 755 2395 saxa,
771 2326 801 2378 et
818 2323 979 2380 infestiores

84 2417 230 2490 Romani,
245 2435 369 2495 quorum
384 2418 549 2494 superbiam
565 2419 675 2477 frustra
688 2437 740 2496 per
757 2421 926 2499 obsequium
945 2441 978 2482 ao

90 2514 265 2574 modestiam
278 2513 419 2590 effingens.
456 2512 601 2590 Raptores
614 2515 698 2588 orbis,
710 2523 862 2596 postquam
876 2525 979 2575 ennete

91 2609 277 2671 vastantibus
298 2611 415 2670 definere
436 2615 538 2684 terrae,
552 2610 620 2690 liam
643 2617 674 2669 et
694 2631 773 2670 mare
792 2595 978 2688 scrutantur,

90 2711 117 2768 si
138 2709 266 2787 locuples
279 2708 371 2768 hostis
385 2714 436 2780 est,
457 2709 546 2782 avari,
562 2709 588 2768 si
603 2729 721 2786 pauper,
735 2711 889 2786 ambitiosi,
907 2707 978 2788 quos

90 2825 153 2865 non
176 2804 289 2879 Oriens,
302 2825 372 2864 non
399 2804 539 2866 Oooidens
565 2805 722 2866 satiaverit.
765 2806 826 2865 Soli
849 2808 978 2866 omnium

90 2922 162 2980 opes
172 2907 261 2979 atque
270 2901 398 2978 inopiam
408 2900 473 2978 pari
484 2901 590 2959 affeetu
601 2902 812 2980 concupiscunt
842 2903 976 2976 Auferre,

90 2999 249 3072 trucidare,
264 3016 364 3074 rapere
377 2998 456 3056 inlsis
469 2999 636 3057 nominibus
649 2998 812 3077 imperium,
827 3005 914 3077 atque
927 2999 979 3058 ubi

90 3095 282 3156 solitudinem
295 3094 413 3168 faciunt,
429 3111 529 3171 paoem
541 3093 699 3170 appellant.

153 3192 280 3254 XXXI.
312 3191 432 3252 Liberos
445 3191 549 3268 cuique
562 3211 595 3250 ao
608 3193 785 3269 propinquos
798 3211 865 3252 suos
874 3198 979 3250 natura

88 3291 253 3352 carissimos
267 3309 328 3350 esse
340 3290 442 3349 voluit.
485 3289 530 3346 Hi
548 3307 600 3365 per
613 3288 741 3348 delectus
754 3289 824 3346 alibi
843 3287 979 3346 servituri

89 3391 265 3449 auferuntur
274 3407 284 3461 3
317 3389 451 3466 coniuges
485 3404 660 3466 sororesque,
696 3385 809 3442 etiamsi
843 3383 978 3440 hostilem

89 3490 245 3550 libidinem
259 3487 407 3564 effugiant,
421 3483 539 3544 nomine
555 3482 712 3542 amicorum
730 3487 818 3560 atque
831 3479 978 3560 hospitum
