2390 3782
353 235 556 301 lealcort
588 241 812 302 >sn-XLVI.
989 250 1024 309 31

139 363 310 437 leniebatur,
338 368 408 444 quia
433 387 494 428 non
513 371 694 430 contumacia
716 391 811 450 neque
834 373 917 432 inani
938 377 1025 435 iacta

138 458 219 516 tione
236 458 380 518 libertatis
398 461 505 520 amam
525 462 676 540 fatumque
692 463 875 541 provocabat.
918 466 1025 542 Sciant,

138 553 245 629 quibus
257 555 346 612 moris
360 561 404 614 est
416 556 519 616 illicita
533 559 641 631 mirari,
657 579 739 636 posse
760 559 849 620 etiam
868 563 923 620 sub
943 565 1027 624 malis

137 651 317 730 principibus
336 672 455 729 magnos
472 654 551 714 viros
571 673 639 728 essa,
664 657 892 737 obsequiumque
915 679 948 719 ae
965 679 1026 720 mo·

137 747 270 816 destinm,
289 752 315 806 si
341 749 486 808 industria
509 769 543 808 ac
561 751 645 828 vigor
665 752 766 824 assint,
795 773 829 812 eo
855 754 949 815 laudis
976 777 1025 818 ex·

137 847 245 919 cedere,
267 866 325 924 quo
344 847 476 925 plerique
499 867 552 926 per
574 850 707 927 abrupta,
728 851 778 910 sed
798 852 831 910 iu
848 853 961 914 nullum
982 857 1025 914 rei

135 945 269 1021 publicae
287 966 382 1019 usum,
403 946 556 1006 ambitiosa
576 954 669 1006 morte
689 948 895 1009 inclaruenmt

195 1040 317 1100 XLIII.
359 1042 443 1102 Finis
461 1045 540 1102 vitae
561 1045 623 1102 eius
644 1045 727 1102 nobis
748 1046 904 1116 luctuosus,
924 1047 1024 1108 amicis

136 1137 236 1212 tristis,
251 1141 397 1199 extraneis
415 1141 503 1202 etiam
522 1141 686 1218 ignotisque
706 1160 764 1200 non
786 1143 848 1201 sine
870 1163 938 1202 eura
956 1145 1020 1204 fuit

135 1233 253 1312 Vulgus
263 1256 378 1314 quoque
391 1244 422 1295 et
434 1237 482 1296 hic
496 1237 577 1296 aliud
597 1257 684 1313 agens
704 1239 829 1315 populus
849 1245 879 1297 et
898 1241 1022 1299 ventita-

136 1351 204 1391 vere
224 1333 262 1390 ad
288 1334 406 1392 domum
430 1339 461 1392 et
483 1353 535 1410 per
561 1334 624 1392 fora
643 1340 673 1392 et
693 1334 815 1394 circulos
833 1335 924 1394 locuti
943 1344 1020 1412 sunt,

135 1449 189 1488 nee
209 1431 361 1509 quisquam
374 1431 474 1490 audita
491 1434 585 1488 morto
597 1429 752 1507 Agricolae
765 1437 819 1489 aut
830 1432 955 1490 laetatus
968 1440 1019 1506 est,

134 1533 189 1586 aut
210 1529 310 1586 statim
336 1528 452 1587 oblitus.
482 1527 545 1588 ‚Et
570 1528 696 1605 augebat
718 1528 933 1588 miserationem
957 1549 1022 1590 con·

133 1631 215 1682 stans
235 1644 335 1683 rumor
351 1644 463 1684 veneno
482 1623 684 1701 interceptum.
737 1625 833 1683 Nobis
851 1625 928 1684 nihil
947 1647 1021 1686 com·

133 1721 211 1797 perti
233 1721 374 1780 affirmare
395 1723 496 1784 ausim.
543 1723 680 1782 Getarum
701 1742 753 1801 per
774 1743 889 1782 omnem
910 1725 1021 1785 valetu-

133 1817 233 1876 dinem
256 1819 326 1891 oius,
347 1820 475 1878 crebrius
495 1839 583 1896 quam
603 1839 641 1878 ex
664 1838 744 1878 more
766 1821 946 1898 principatus
969 1841 1021 1898 per

132 1915 253 1976 annuos
275 1917 403 1989 visentis,
427 1924 457 1975 et
480 1917 652 1978 libertorum
678 1919 767 1996 primi
790 1926 820 1978 et
842 1921 1020 1979 medicorum

132 2011 233 2072 intimi
262 2034 371 2088 venere,
399 2017 460 2074 sive
487 2036 556 2076 cura
581 2016 655 2077 illud
682 2017 743 2076 sire
769 2017 921 2095 inquisitio
948 2025 1016 2076 arat.

133 2111 275 2188 Supremo
302 2112 419 2190 quidem
446 2113 493 2170 die
519 2119 667 2171 momenta
693 2114 756 2190 ipsa
783 2113 941 2172 deficientis
968 2135 1019 2191 per

132 2207 287 2284 dispositos
308 2227 438 2266 cursores
453 2209 590 2268 nuntiata
607 2209 764 2280 constabat,
786 2209 867 2267 nullo
885 2209 1018 2268 credente

131 2303 173 2362 sic
197 2303 355 2378 accelerari,
378 2325 452 2382 quae
473 2307 566 2364 tristis
593 2307 714 2365 audiret.
766 2305 897 2382 Speciem
919 2312 1018 2364 tamen

131 2399 239 2459 doloris
252 2402 351 2460 animo
364 2401 508 2478 vultuque
520 2421 589 2479 praa
602 2402 724 2473 tetulit,
739 2420 855 2460 securus
870 2402 928 2459 iam
948 2401 1015 2475 odii,

131 2502 162 2554 et
186 2496 238 2572 qui
263 2497 376 2556 lucilius
403 2496 600 2558 dissimularet
626 2498 765 2574 gaudium
786 2516 875 2573 quam
897 2501 1014 2554 metum.

131 2592 210 2650 Satis
223 2595 374 2652 constabat
386 2594 462 2653 lecto
482 2599 657 2664 testamento
676 2593 837 2671 Agricolae,
859 2611 916 2669 quo
936 2593 1017 2650 cohe-

129 2689 229 2748 redem
245 2689 372 2768 optimae
393 2691 480 2748 uxori
499 2695 528 2749 et
549 2690 695 2768 piissimae
716 2691 794 2749 filiae
815 2688 1016 2747 Domitianum

129 2785 252 2862 scripsit,
267 2787 408 2846 laetatum
421 2806 488 2845 eum
501 2787 584 2846 velut
604 2789 712 2846 bonore
732 2787 903 2863 iudicioque.
945 2785 1018 2844 Tam

129 2901 213 2940 caeca
227 2888 256 2939 et
270 2889 405 2961 corrupta
420 2903 501 2942 meus
520 2884 642 2943 assiduis
662 2883 877 2943 adulationibus
898 2888 968 2954 erat,
982 2890 1018 2940 ut

129 2978 255 3038 nesciret
267 2999 285 3036 a
297 2979 373 3038 bono
385 2985 469 3057 patre
489 2998 548 3038 non
567 2981 655 3038 scribi
674 2980 810 3040 heredem
830 2980 887 3038 nisi
907 2979 1017 3037 malum

129 3075 298 3153 prinoipem.

175 3172 306 3234 XLIV.
348 3171 445 3232 Natus
472 3179 534 3232 arat
555 3171 694 3250 Agricola
718 3173 793 3232 Gaio
817 3172 938 3232 (laesere
961 3177 1017 3230 ter·

129 3271 206 3328 tium
220 3270 338 3328 consule
357 3270 461 3330 Idibus
481 3270 576 3328 Iuniis
586 3291 596 3344 ‚·
617 3271 740 3328 excessit
760 3275 863 3346 quarto
883 3275 923 3328 et'
934 3270 1016 3346 quin-

128 3368 297 3445 quagesimo
309 3388 393 3442 anno,
408 3369 519 3428 decimo
534 3369 685 3430 Kalendas
698 3369 880 3446 Septembres
901 3367 1017 3442 Oollega

129 3464 287 3542 Priscoque
301 3465 473 3526 consulibus.
517 3465 599 3534 Quod
622 3464 647 3523 si
667 3464 799 3524 habitum
819 3477 934 3540 quoque
954 3460 1005 3520 aiu*
