2406 3782
325 265 544 328 GERMANIA
572 266 845 328 XVI.—-XXVII.
994 264 1028 325 11

142 400 267 476 Eligant
279 400 362 474 feras,
379 401 415 459 et
434 400 567 459 detracta
583 399 729 459 velamina
749 391 898 477 spargunt
909 388 1031 454 maculis

143 496 326 574 pellibusque
350 497 511 570 beluarum,
536 514 608 574 quae
632 497 760 555 exterior
784 494 934 554 Oceanus
943 497 1034 570 atque

142 595 275 672 ignotum
293 613 373 654 mare
391 595 495 672 gignit
536 593 615 652 Nea
621 594 696 652 elius
714 593 831 652 feminis
851 605 941 668 quam
960 589 1032 647 viris

144 691 270 766 habitus,
295 693 353 752 nisi
377 693 455 771 quod
478 692 604 752 feminae
627 693 741 770 saepius
763 690 853 750 lineis
876 689 1032 748 amictibus

144 786 288 862 velantur,
303 808 409 866 eosque
421 807 552 867 purpura
570 789 694 862 variant,
716 793 889 868 partemque
908 776 1033 845 vestitus

145 885 301 962 superioris
321 886 354 943 in
376 885 506 944 manicas
524 904 586 944 non
607 885 784 957 extendunt·
799 883 896 943 nudae
908 881 1034 942 brachia

145 1002 179 1040 ao
191 983 336 1056 lacertoe3
357 983 408 1040 sed
421 989 451 1041 et
463 982 599 1060 proxima
610 1001 677 1059 pars
689 982 815 1059 pectoris
827 981 917 1060 patet.
944 982 947 988 '
979 995 999 1020 ³⁵
1026 975 1031 980 ’

204 1079 332 1144 XVIII.
375 1080 558 1158 Quamquam
578 1095 679 1139 severa
695 1079 758 1137 illio
770 1075 970 1150 matrimonia·
980 1092 1034 1136 neo

145 1175 237 1234 ullam
249 1163 369 1234 morum¹
383 1182 498 1253 portem
517 1177 609 1254 magis
628 1175 801 1235 laudaveris,
843 1175 924 1234 Nam
944 1189 1034 1252 prope

146 1273 201 1332 soli
218 1272 408 1332 barbarorum
427 1274 551 1351 singulis
569 1275 713 1334 uxoribus
731 1272 862 1333 contenti
883 1280 961 1346 sunt,
985 1291 1034 1329 cx*

146 1372 237 1448 ceptis
252 1371 408 1430 admodum
428 1372 536 1449 paucis,
551 1372 603 1450 qui
621 1391 682 1431 non
701 1372 835 1445 liticine.
855 1371 906 1430 sed
925 1371 964 1428 ob¹
985 1378 1035 1427 ne

146 1467 292 1526 bilitatem
315 1468 451 1545 plurimis
472 1469 585 1546 nuptiis
607 1469 786 1528 ambiuntur.
842 1468 951 1527 Dotem
975 1483 1033 1524 non

147 1583 225 1622 uxor
235 1563 348 1637 marito,
364 1564 414 1622 sed
433 1565 521 1623 uxori
540 1566 664 1624 maritus
681 1566 778 1624 offert.
819 1565 972 1622 Intersunt
985 1583 1035 1641 pa·

148 1665 246 1718 rentes
264 1666 296 1718 ct
314 1660 473 1738 propinqui
492 1680 526 1720 ac
545 1681 669 1721 munera
681 1661 815 1740 probant,
830 1679 960 1733 munera,
975 1653 1035 1717 non

148 1756 187 1814 ad
199 1756 318 1815 delicias
330 1756 487 1816 muliebres
499 1758 639 1836 quaesita,
652 1760 706 1816 neo
719 1757 826 1835 quibus
844 1775 922 1815 nova
940 1761 1036 1833 nupta

149 1860 288 1928 comatur,
310 1854 361 1912 sed
383 1854 481 1928 boves,
502 1861 533 1914 et
555 1857 701 1915 frenatum
725 1875 841 1934 equum,
866 1862 897 1915 et
920 1847 1035 1914 scutum

150 1963 217 2006 oum
229 1949 339 2008 framea
350 1949 512 2028 gladioque.
554 1951 594 2010 In
607 1953 679 2010 haec
696 1971 819 2010 munera
838 1970 914 2010 uxor
933 1950 1037 2028 accipi·

150 2050 208 2119 tur,
228 2051 317 2123 etque
336 2047 463 2105 invicem
482 2048 546 2124 ipsa
564 2067 712 2106 armorum
730 2048 843 2126 aliquid
861 2048 926 2105 viro
942 2048 1034 2105 affert

151 2140 220 2199 Hoc
236 2143 398 2201 maximum
417 2144 575 2218 vinculum,
596 2145 668 2204 haec
687 2165 791 2204 aroana
803 2164 891 2217 saara,
906 2144 959 2202 hos
972 2162 1037 2203 oon·

150 2239 261 2316 iugales
284 2241 352 2299 deos
373 2242 561 2301 arbitrantur.
604 2243 653 2302 Ne
672 2263 703 2302 se
722 2243 828 2302 mulier
846 2249 931 2302 extra
944 2243 1037 2301 virtu·

151 2343 216 2396 tum
229 2339 418 2416 cogitationes
435 2347 577 2419 extraque
595 2342 739 2402 bellorum
759 2361 842 2401 casus
860 2348 951 2420 putet,
967 2341 1038 2419 ipsis

151 2435 319 2512 incipientis
341 2439 522 2497 matrimonii
541 2441 868 2518 auspiciisadmonetur
887 2442 988 2500 venire
1008 2459 1038 2499 se

149 2533 286 2592 laborum
305 2534 558 2614 perieidorumque
580 2539 694 2613 sociam,
717 2534 848 2599 idem'in
867 2549 944 2619 paee,
960 2539 1039 2597 idem

151 2629 184 2686 in
196 2629 306 2706 proelio
325 2650 476 2708 passuram
495 2652 697 2713 ausuramque.
738 2635 807 2694 Hoc
827 2635 921 2694 iuncti
941 2623 1036 2707 boves,

151 2724 207 2783 hoc
227 2732 346 2803 paratim
367 2747 467 2806 equus,
492 2730 547 2788 hoc
570 2732 639 2790 data
661 2733 755 2791 arma
769 2733 966 2807 denuntiant3
998 2732 1039 2790 sic

151 2820 318 2897 vivendum,
341 2824 384 2882 sic
406 2826 609 2903 pereundum3
637 2830 766 2907 accipere
786 2849 824 2904 se,
845 2848 920 2907 quae
940 2828 1039 2888 liberis

51 2985 53 2990 Ι
152 2915 293 2978 inviolata
306 2939 339 2979 ac
354 2921 444 2998 digna
456 2923 565 2997 reddat,
577 2945 653 3002 quae
665 2946 757 2986 nurus
770 2927 915 3004 accipiant
927 2945 1039 2985 rursus

153 3035 209 3092 que
222 3017 261 3076 ad
273 3025 395 3095 nepotes
408 3021 581 3083 referantur.
989 3035 1000 3044 ‘¹'

204 3113 302 3180 XLX
353 3115 432 3194 Ergo
453 3124 553 3197 septa·
559 3121 702 3197 pudicitia
722 3127 823 3200 agunt,
848 3122 939 3181 nullis
962 3140 1039 3199 spec·

152 3212 316 3272 tacidorum
329 3214 481 3284 illecebris,
501 3217 591 3276 nullis
611 3219 811 3277 conviviorum
825 3218 1040 3278 irritationibus

151 3317 315 3389 *corruptae
356 3310 537 3372 Litterarum
554 3320 665 3373 secreta
678 3314 736 3372 viri
748 3316 858 3392 pariter
870 3334 903 3372 ac
909 3310 1041 3374 'feminae

152 3410 300 3487 ignorant.
340 3411 521 3473 Paucissima
539 3414 573 3472 in
593 3419 657 3474 tam
677 3433 830 3473 numerosa
851 3420 940 3492 gente
960 3405 1041 3473 adul·

152 3508 235 3582 teria,
263 3515 384 3586 quorem
410 3530 504 3590 poena
527 3513 671 3590 praesens,
699 3518 729 3572 ct
751 3511 865 3572 maritis
893 3529 924 3590 pr
