2406 3782
117 291 120 300 ,
180 256 184 260 ’
277 229 855 300 GERMANJAXXVI11.-erx.
973 239 1009 307 17

121 367 241 435 nuntur,
262 349 317 422 nee
335 363 508 442 publicanus
530 365 632 423 atterit
637 383 647 438 3
671 368 801 446 exempti
821 369 956 430 oneribus
980 381 1016 431 et

122 461 323 521 collationibus
343 468 511 521 attentum
532 461 565 521 in
584 482 670 524 usum
693 467 868 543 proeliorum
892 471 1010 548 sepositi

121 557 204 616 velut
229 556 289 616 tela
315 564 404 636 atque
434 578 514 618 arma
545 560 629 621 bellis
658 572 851 627 reservantur.
895 567 949 627 Est
977 569 1011 629 in

122 655 221 715 eodem
234 655 371 733 obsequio
385 661 416 715 et
428 655 639 718 Mattiacorum
655 679 732 739 gens,
784 663 915 725 Protulit
931 665 1010 726 enim

122 753 292 829 magnitudo
319 751 420 831 populi
446 753 575 813 Romani
600 757 681 816 ultra
707 758 846 819 Rhenum
875 764 1011 842 ultraque

122 859 235 910 veteres
267 852 408 909 terminos
441 850 558 930 imperii
598 857 800 916 reverentiam.
856 857 906 918 Ibe
944 862 1011 920 sedo

122 949 287 1025 finibusque
312 949 345 1006 in
374 967 427 1007 sua
452 949 525 1027 ripa,
553 958 651 1010 mente
679 955 834 1033 animoque
860 957 1011 1017 nobiscum

123 1051 222 1122 agunt,
246 1051 341 1103 cetera
363 1045 471 1105 similes
495 1045 623 1119 Batavis,
649 1049 706 1106 nisi
730 1051 808 1126 quod
831 1051 893 1128 ipso
916 1053 1012 1111 adhuc

123 1149 217 1200 terrae
244 1161 313 1201 suae
339 1142 401 1200 solo
427 1148 458 1201 et
487 1144 565 1202 coelo
596 1145 690 1203 acrius
723 1147 899 1207 minuantur.
941 1150 1011 1208 Non

123 1240 337 1299 numeraverim
363 1239 443 1298 inter
471 1241 643 1301 Germaniae
672 1243 803 1322 populos,
836 1265 1011 1324 quamquam

123 1345 204 1396 trans
231 1337 370 1396 Rhenum
398 1338 628 1418 Danubiumque
654 1342 845 1418 consederint,
874 1364 930 1418 eos,
962 1347 1012 1423 qui

124 1435 287 1495 decumates
308 1455 391 1514 agros
413 1444 556 1498 exercent.
599 1439 778 1500 Ievissimus
801 1443 923 1522 quisque
945 1444 1013 1504 Gal·

124 1534 219 1592 lorum
252 1540 283 1594 et
315 1536 413 1613 inopia
446 1537 542 1597 audax
572 1539 676 1598 dubiae
705 1542 890 1618 possessionis
918 1541 1012 1601 solum
1094 1521 1096 1526 Ι

125 1649 305 1709 occupavere.
349 1631 423 1691 Mox
446 1633 540 1692 limite
563 1642 628 1694 acto
647 1637 844 1715 promotisque
863 1639 1013 1717 praesidiis

125 1727 205 1787 sinus
218 1729 333 1807 imperii
347 1735 378 1788 et
389 1747 457 1808 pars
470 1731 635 1808 provinciae
649 1733 804 1792 habentur.

12 2025 13 2034 ,
125 1984 360 2031 κΧΧ.-ΧκΧνΙΙ,
403 1967 645 2029 Nertleerretribea
659 1979 686 2028 to
700 1970 744 2029 the
757 1979 821 2030 west
835 1970 922 2046 castlar
935 1969 1010 2032 Ebc.

166 2057 223 2118 lla
237 2059 352 2129 Oloctte';
374 2057 536 2134 thehficrce
549 2059 611 2117 cred
625 2059 742 2117 warlilcc
758 2059 910 2120 character.
955 2060 1013 2120 rte

164 2146 266 2205 Frisii.
287 2145 403 2205 Romen
417 2147 590 2222 expeditiores
598 2147 659 2204 e'rrto
668 2147 740 2205 their
750 2148 889 2223 territory.
920 2147 1014 2207 Clearc-

164 2233 198 2307 οἱ,
214 2232 354 2307 Obcruesce‘,
371 2232 487 2294 Cimbri.
536 2231 651 2293 Roman
663 2235 786 2294 auersere
800 2234 954 2311 damnares.

186 2404 292 2464 XXX.
335 2403 426 2465 Ultra
448 2404 500 2464 hos
520 2404 621 2464 Chatti
643 2403 762 2462 initium
785 2404 861 2463 sedis
880 2405 917 2462 ab
938 2404 1014 2462 Her·

126 2503 211 2579 eynio
232 2503 310 2561 saltu
333 2503 479 2574 inchoant,
502 2520 561 2559 non
587 2502 630 2558 ita
653 2501 751 2558 effusis
776 2521 809 2558 ac
836 2501 1014 2577 palustribus

125 2600 204 2673 loeis,
219 2606 255 2658 ut
274 2606 386 2659 ceterae
402 2600 543 2673 civitates,
558 2599 591 2656 in
608 2617 679 2676 quas
698 2598 856 2656 Germania
874 2598 998 2676 patescit
1003 2618 1012 2672 ;

125 2699 234 2757 durant
247 2699 389 2778 siquidem
405 2697 498 2770 colles,
516 2697 658 2776 paulatim
675 2701 832 2768 rarescunt,
850 2701 881 2754 et
894 2696 1015 2755 Chattos
1048 2729 1052 2738 ·

126 2814 192 2854 suos
215 2796 306 2855 saltus
333 2793 501 2872 Hercynius
527 2794 713 2872 prosequitur
739 2793 826 2851 simul
853 2798 941 2870 atque
967 2793 1015 2850 de·

125 2894 216 2972 ponit
260 2893 388 2953 Duriora
411 2893 491 2971 genti
519 2911 645 2970 corpora,
675 2891 770 2950 stricti
795 2897 885 2964 artus,
913 2891 1016 2949 minax

126 2992 226 3050 vultus
239 2998 270 3050 et
285 2992 377 3050 maior
393 2991 484 3050 animi
500 2991 589 3068 vigor.
633 2989 774 3061 Multum,
793 2996 829 3047 ut
849 2989 927 3047 inter
946 2989 1017 3047 Ger·

125 3105 235 3166 manos,
263 3089 385 3147 rationis
421 3107 455 3146 ac
491 3087 656 3161 sollertiae3
691 3105 867 3164 praeponere
901 3086 1014 3160 electos,

125 3187 226 3245 audire
236 3187 422 3265 praepositos,
433 3205 517 3244 nosse
530 3185 652 3258 ordines
668 3185 831 3261 intelligere
845 3183 1013 3258 occasiones,

125 3284 242 3344 differre
274 3285 409 3362 impetus,
445 3283 596 3362 disponere
626 3283 712 3356 diem,
745 3281 854 3340 vallare
889 3287 1014 3355 noctem,

124 3385 273 3443 fortunam
294 3385 374 3443 inter
391 3383 487 3456 dubia,
509 3383 650 3442 virtutem
665 3381 744 3439 inter
759 3386 838 3440 certa
853 3398 1014 3452 numerare,

125 3485 260 3563 quodque
287 3483 467 3544 rarissimum
493 3502 546 3543 nee
575 3483 633 3542 nisi
665 3481 814 3542 Romanae
847 3480 1016 3558 disciplinae

226 3597 252 3637 o.
918 3581 936 3638 2
