2390 3782
299 245 500 309 acomoni
531 247 866 312 xxxa-xxxix
989 257 1025 315 27

136 397 215 450 rare,
243 397 351 454 capere,
374 385 462 457 atque
486 379 609 452 eosdem,
637 381 743 440 oblatis
769 381 842 453 aliis,
871 382 1024 444 trucidare.

136 477 208 560 vIam
230 477 366 550 hostium,
390 486 478 555 prout
499 479 604 555 cuique
626 479 777 556 ingenium
800 484 871 552 erat,
894 485 1026 542 catervae

137 580 318 634 armatorum
344 575 526 653 paucioribus
552 583 635 654 terga
660 583 814 653 praestare,
841 577 960 654 quidam
983 579 1027 638 in·

138 692 233 732 ermes
254 675 333 732 ultro
354 693 439 732 ruere
462 695 496 734 ac
518 693 549 734 se
572 676 661 733 morti
681 676 799 749 offerre3
818 675 925 753 passim
945 695 1025 736 arma

138 776 170 828 et
191 789 309 848 corpora
328 777 358 829 et
377 771 465 829 laceri
488 779 570 831 artus
593 778 623 831 et
644 779 764 832 uuenta
786 773 901 846 humus,
922 780 953 832 et
974 774 1025 833 ali-

138 869 257 946 quando
280 869 368 928 etiam
393 871 479 928 victis
499 871 544 928 ira
563 871 721 949 virtusque
764 872 924 951 Postquam
945 874 1025 932 silvis

137 968 457 1046 appropinquaverunt,¹
468 969 580 1028 collecti
596 971 705 1046 primos
720 973 911 1048 sequentium,
928 971 1026 1029 incau-

136 1071 185 1124 tos
207 1073 237 1125 et
257 1068 385 1125 locorum
408 1068 531 1144 ignaros,
560 1068 830 1128 circumveniebant
884 1069 970 1139 Quod
992 1070 1025 1128 ni

136 1163 273 1240 frequens
285 1165 395 1241 ubique
407 1163 545 1240 Agricola
561 1163 671 1222 validas
687 1169 718 1222 et
731 1165 881 1240 expeditas
894 1165 1024 1223 cohortes

136 1259 283 1336 indaginis
299 1261 391 1332 modo,
410 1265 449 1332 et,
467 1261 560 1318 neubi
577 1260 687 1318 artiora
703 1265 794 1332 erant,
814 1267 927 1337 partem
946 1263 1025 1340 equi-

136 1360 204 1412 tum
220 1353 345 1413 dimissis
361 1355 450 1432 equis,
469 1355 556 1414 simul
574 1355 697 1413 rariores
713 1355 801 1412 silvas
819 1357 947 1434 equitem
962 1375 1024 1433 per·

136 1450 246 1510 sultare
263 1451 399 1525 iussisset,
419 1458 569 1530 acceptum
582 1452 700 1530 aliquod
713 1451 821 1509 vulnus
833 1471 885 1529 per
902 1455 1023 1512 nimiam

135 1547 273 1607 fiduciam
289 1549 371 1607 foret
415 1547 552 1610 Octerum
573 1550 624 1609 ubi
648 1549 819 1626 compositos
838 1549 930 1609 firmis
949 1552 1023 1610 ordi·
1123 1613 1125 1617 ,

135 1644 223 1703 nibus
239 1647 323 1723 sequi
339 1665 440 1704 rursus
459 1646 565 1718 videre,
590 1647 623 1704 in
642 1647 742 1722 fugam
762 1647 839 1704 versi
858 1666 918 1705 non
935 1648 1023 1724 agmi-

135 1739 230 1814 nibus,
247 1747 283 1799 ut
301 1742 391 1819 prius,
412 1761 466 1800 neo
483 1742 558 1800 alius
575 1743 666 1800 alium
685 1749 879 1820 respectantes
884 1761 893 1815 ;
914 1744 973 1800 reri
993 1751 1023 1802 et

137 1837 291 1896 vitabundi
303 1839 429 1897 invicem
441 1840 600 1918 longinqua
612 1845 701 1918 atque
714 1841 780 1898 avia
793 1841 910 1918 petiere.
940 1840 1023 1898 Finis

135 1935 276 2013 sequendi
284 1953 346 1994 nox
359 1941 390 1994 et
403 1937 520 1995 satietas
532 1938 596 1995 fuit
630 1937 719 1996 Caesa
731 1937 861 1996 hostium
874 1937 910 1996 ad
925 1938 1022 1996 decem

134 2031 233 2104 milio3
253 2037 420 2090 nostrorum
439 2034 563 2091 tresenti
582 2017 733 2111 sexaginta
751 2035 883 2106 cecidere,
906 2035 1022 2111 inquis

135 2125 234 2185 Aulus
253 2126 375 2186 Atticus
394 2130 547 2207 praefectus
568 2131 701 2205 cohortis,
726 2132 849 2190 iuvenili
869 2133 970 2192 ardore
992 2137 1022 2192 et

134 2223 242 2284 ferocia
254 2224 323 2301 eqni
334 2224 467 2284 hostibus
479 2226 586 2286 illatus.

195 2315 386 2378 XXXVIII,
428 2320 470 2378 Et
496 2341 556 2380 nox
583 2321 700 2399 quidem
729 2323 834 2400 gaudio
859 2325 1021 2402 praedaque

134 2415 213 2474 laeta
224 2417 390 2475 victoribus
433 2417 570 2476 Britanni
582 2419 714 2496 palantes
726 2419 878 2497 mixtoque
892 2419 1020 2479 morum

134 2513 347 2592 mulierumque
367 2514 484 2591 ploratu
505 2515 620 2572 trahere
646 2515 821 2589 vulneratos,
849 2534 952 2575 vocare
978 2516 1022 2573 in-

134 2617 239 2690 tegros,
261 2612 389 2671 deserere
411 2614 510 2672 domos
532 2631 565 2670 ac
584 2613 731 2690 perirem
751 2613 829 2672 ultro
852 2612 1004 2670 incendere
1010 2632 1020 2685 3

135 2711 240 2787 eligere
257 2709 383 2768 latebrae
399 2715 429 2768 et
446 2710 546 2768 statim
565 2707 736 2786 relinquere,
757 2711 876 2768 miscere
895 2709 1020 2768 invicem

135 2805 254 2865 consilia
284 2805 390 2882 aliqua,
424 2797 529 2863 deinde
562 2823 700 2883 separare,
736 2805 893 2884 aliquando
925 2805 1021 2882 frangi

135 2906 253 2982 aspectu
269 2903 424 2980 pignorum
439 2921 567 2974 suorum,
588 2903 701 2980 saepius
721 2902 858 2960 concitari
863 2921 873 2975 ;
893 2903 1020 2978 satisque

126 3001 285 3059 constabat
310 3001 434 3058 saevum
460 3001 600 3078 quosdam
627 3001 659 3058 in
686 3001 820 3076 coniuges
846 3019 879 3057 ac
905 3001 1018 3073 liberos,

138 3104 285 3176 tamquam
297 3099 510 3157 misererentur.
533 3098 690 3156 Proximus
698 3097 759 3155 dies
773 3098 873 3155 faciem
882 3098 1020 3156 victoriae

135 3197 223 3255 latius
236 3196 363 3272 aperuit3
382 3201 499 3254 vastum
512 3196 621 3273 ubique
634 3196 790 3268 silentium,
806 3196 909 3254 secreti
925 3195 1018 3268 colles,

135 3294 279 3352 fumantia
304 3294 404 3370 procul
430 3299 514 3367 tecta,
542 3313 628 3354 nemo
651 3294 882 3372 exploratoribus
909 3295 1016 3354 obvius.

136 3392 249 3463 Quibus
266 3390 299 3448 in
314 3409 429 3453 omnem
448 3399 561 3470 partem
581 3393 714 3464 dimissis,
735 3393 787 3450 ubi
806 3392 917 3450 ineerta
936 3393 995 3468 fug

137 3492 258 3572 vestigia
276 3509 372 3570 neque
391 3511 514 3570 usquam
531 3490 695 3570 conglobari
715 3491 812 3550 hostes
832 3495 971 3568 comperti
