2390 3782
202 232 239 290 re
308 299 312 308 ,
462 233 666 296 eorunm]
692 234 834 300 murm

200 363 203 371 '
235 386 359 442 'prepare
370 362 493 426 Itomae
506 376 533 427 to
543 388 635 428 recem
648 367 692 428 lde
702 369 822 445 confliet.
852 369 974 446 Stroage
986 365 1086 430 aduae·

242 463 318 512 turae
331 453 368 528 os
375 475 395 512 a
414 453 539 530 Ueigriaa
553 455 654 514 colaert.
688 457 826 532 Agricola
840 457 979 517 menecea
993 458 1086 534 cesar

241 561 275 600 ce
295 541 338 600 tire
356 541 519 618 Grempicn
532 543 707 616 mouetuim,
722 544 812 604 wilare
828 544 861 603 lae
882 545 909 603 ie
926 554 981 603 met
995 545 1030 620 bg
1043 545 1086 604 tte

241 628 495 704 areembledforeee
509 627 546 702 os
554 629 598 687 tlee
612 628 803 688 Caledoniam
816 631 910 690 ander
925 630 1071 708 chjacae.
1182 703 1183 708 ἵ

261 750 365 812 XXV.
409 751 545 812 Ceterum
555 757 673 824 aestate,
684 772 743 830 qua
753 759 869 812 sextum
883 754 969 812 officii
979 773 1087 812 annum

201 849 364 923 inchoabat,
390 851 541 930 amplexus
563 849 697 909 civitatee
718 859 800 909 trans
816 851 988 918 Bodotriam
1008 852 1085 925 uites,
1182 847 1183 862 ³

202 951 271 1028 quia
297 957 394 1010 motus
420 949 623 1011 universarum
649 949 728 1008 ultra
759 950 891 1026 gentium
925 956 955 1008 at
984 950 1088 1008 infecta

201 1047 316 1107 hostilia
343 1045 487 1108 exercitae
513 1045 620 1106 itinera
651 1047 839 1117 timebantur,
873 1053 975 1124 portus
1001 1043 1087 1106 claeee
1182 1075 1183 1124 3

202 1147 372 1224 exploravit.
416 1145 498 1216 Quae
519 1146 556 1207 ab
579 1145 718 1222 Agricola
737 1144 866 1222 primum
887 1151 1035 1222 aecumpta
1057 1146 1088 1204 in
1182 1167 1183 1176 ¹

202 1251 315 1322 partem
328 1240 437 1302 virium
453 1244 628 1320 sequebatur
645 1243 759 1321 egregia
778 1243 880 1321 specie,
898 1263 990 1322 quum
1002 1239 1088 1308 simul

203 1349 281 1402 terra
296 1339 385 1399 eimul
401 1340 476 1398 mari
491 1339 602 1398 bellum
621 1340 826 1416 impelleretur,
842 1361 875 1400 ac
888 1360 972 1417 caepe
985 1340 1088 1399 liudem

84 1485 101 1530 .'
203 1437 303 1496 caetris
321 1436 407 1513 pedee
421 1454 565 1514 equesque
579 1440 609 1494 et
621 1436 756 1496 nauticus
769 1436 852 1496 miles
865 1436 945 1494 minti
958 1435 1046 1516 copiis
1059 1443 1089 1494 et

203 1533 315 1594 laetitia
332 1552 385 1592 eua
404 1532 527 1610 quisque
550 1533 634 1603 factu,
656 1553 722 1595 euos
749 1553 830 1596 cacus
856 1535 1031 1608 attollerent,
1056 1555 1089 1594 ac

203 1629 288 1688 modo
308 1627 448 1686 silvarum
468 1647 501 1686 ac
521 1629 666 1688 montium
692 1630 841 1706 profunda,
863 1631 949 1690 modo
969 1637 1090 1708 tempes-
1182 1649 1183 1680 2

203 1736 299 1790 tatum
317 1749 350 1788 ac
367 1729 510 1788 fluctuum
530 1730 657 1802 adversa,
678 1730 748 1789 hinc
766 1737 845 1792 terra
862 1737 893 1790 et
908 1731 1007 1805 hostie,
1022 1729 1090 1792 hinc

160 1857 161 1860 ¹
203 1827 299 1886 victus
320 1845 441 1886 oceanus
455 1826 576 1886 militari
589 1827 729 1886 iactantia
741 1835 984 1904 compararentur.
1028 1827 1091 1888 Bri·

204 1932 310 1982 tannos
329 1942 453 2000 quoque,
473 1930 509 1980 ut
527 1942 564 1982 ex
582 1923 705 2000 captivis
724 1923 902 1997 audiebatur,
917 1925 981 1984 visa
993 1923 1094 1989 cinaeis¹

204 2019 456 2096 obetupefaoiebat,
485 2026 635 2096 tamquam
661 2026 762 2096 aperto
788 2021 877 2080 marie
906 2021 952 2080 eui
981 2025 1091 2080 acerete

204 2118 342 2176 ultimum
355 2117 441 2176 victis
461 2117 625 2193 perfugium
644 2115 832 2178 clauderetur.
875 2117 927 2174 Ad
943 2135 1045 2176 manue
1059 2123 1090 2176 at

204 2233 284 2273 arma
311 2213 442 2272 conversi
467 2211 654 2272 Caledoniam
677 2213 834 2272 incolentes
861 2213 962 2290 populi
985 2218 1091 2289 paratu

204 2330 316 2388 magno,
332 2310 439 2368 maiore
453 2309 536 2381 fama,
552 2310 598 2368 uti
611 2328 673 2369 mos
686 2315 731 2368 eet
744 2309 780 2368 de
793 2309 907 2386 ignotis,
924 2328 1091 2388 oppugnare

206 2411 282 2468 ultro
294 2409 446 2468 castellum
465 2408 568 2480 adorti,
585 2415 697 2466 metum
716 2414 751 2466 ut
768 2415 957 2485 provocantes
973 2407 1092 2466 addide-

203 2512 287 2582 rane,
300 2504 576 2583 regrediendumque
585 2504 658 2562 eitra
666 2503 842 2578 Bodotriam,
854 2509 885 2562 et
892 2503 1092 2586 excedendum

203 2604 300 2680 potius
327 2621 415 2679 quam
441 2600 626 2678 pellerentur,
653 2600 753 2676 ignavi
780 2601 873 2676 specie
900 2599 1092 2677 prudentium

203 2698 404 2770 admonebant,
426 2716 517 2774 quum
537 2693 656 2754 interim
676 2695 821 2771 cognoscit
841 2695 938 2752 hostes
957 2693 1093 2771 pluribus

203 2796 366 2873 agminibus
386 2795 559 2873 irrupturos.
601 2793 648 2850 Ao
672 2810 709 2850 ne
730 2798 884 2868 superante
910 2809 1032 2850 numero
1060 2801 1093 2852 et

202 2892 308 2968 peritia
329 2891 458 2950 locorum
485 2888 693 2960 circumiretur,
719 2887 812 2946 diviso
835 2897 864 2946 et
885 2889 947 2965 ipee
970 2889 1003 2946 in
1030 2893 1093 2946 tres

202 2993 299 3064 partes
313 2985 444 3044 exercitu
457 2984 582 3045 incessit.

262 3083 385 3141 XXVI.
422 3081 507 3150 Quod
520 3082 572 3138 ubi
586 3079 735 3158 cognitum
748 3080 834 3153 hosti,
847 3085 959 3139 mutato
970 3088 1094 3158 repente

175 3184 178 3192 '
202 3181 321 3239 coneilio
341 3179 471 3237 universi
490 3198 597 3236 nonam
619 3179 770 3255 legionem,
790 3185 825 3236 ut
843 3180 970 3238 maxime
985 3179 1094 3238 invali-

202 3277 278 3347 dam,
300 3283 384 3334 noete
404 3275 537 3352 aggressi,
556 3275 634 3333 inter
653 3292 787 3332 somnum
805 3295 837 3334 ao
856 3261 1092 3352 trepidationem,

202 3374 291 3433 caeeis
317 3373 461 3450 vigilibus,
490 3371 629 3450 irrupere.
681 3372 802 3448 Iamque
829 3374 861 3430 in
892 3373 961 3450 ipsis
988 3375 1095 3432 caetris

202 3472 395 3550 pugnabatur,
428 3488 518 3548 quum
551 3467 698 3546 Agricola,
728 3469 785 3528 iter
814 3469 942 3529 hostium
973 3470 1010 3530 ab
1041 3490 1092 3530 ex·
1182 3485 1183 3520 l
