<?xml version="1.0" encoding="UTF-8"?>
<!DOCTYPE html PUBLIC "-//W3C//DTD XHTML 1.0 Transitional//EN"
    "http://www.w3.org/TR/xhtml1/DTD/xhtml1-transitional.dtd">
<html xmlns="http://www.w3.org/1999/xhtml" xml:lang="en" lang="en">
 <head>
  <title>
</title>
<meta http-equiv="Content-Type" content="text/html;charset=utf-8" />
  <meta name='ocr-system' content='tesseract 3.04.00' />
  <meta name='ocr-capabilities' content='ocr_page ocr_carea ocr_par ocr_line ocrx_word'/>
</head>
<body>
  <div class='ocr_page' id='page_1' title='image "./agricolaandgerm05tacigoog/agricolaandgerm05tacigoog_0163.png"; bbox 0 0 2392 3788; ppageno 0'>
   <div class='ocr_carea' id='block_1_1' title="bbox 162 230 792 294">
    <p class='ocr_par' dir='ltr' id='par_1_1' title="bbox 162 230 792 294">
     <span class='ocr_line' id='line_1_1' title="bbox 162 230 792 294; baseline 0.002 -4"><span class='ocrx_word' id='word_1_1' title='bbox 162 232 202 290; x_wconf 79' lang='lat'>24</span> <span class='ocrx_word' id='word_1_2' title='bbox 421 230 625 292; x_wconf 77' lang='lat' dir='ltr'><em>CORNELII</em></span> <span class='ocrx_word' id='word_1_3' title='bbox 650 230 792 294; x_wconf 73' lang='lat' dir='ltr'>raom</span> 
     </span>
    </p>
   </div>
   <div class='ocr_carea' id='block_1_2' title="bbox 162 364 1054 1222">
    <p class='ocr_par' dir='ltr' id='par_1_2' title="bbox 162 364 1051 728">
     <span class='ocr_line' id='line_1_2' title="bbox 162 364 1051 451; baseline 0.006 -27"><span class='ocrx_word' id='word_1_4' title='bbox 162 364 259 424; x_wconf 80' lang='lat' dir='ltr'>nobile</span> <span class='ocrx_word' id='word_1_5' title='bbox 277 364 451 424; x_wconf 80' lang='lat' dir='ltr'><strong>Marobodui</strong></span> <span class='ocrx_word' id='word_1_6' title='bbox 471 372 501 425; x_wconf 90' lang='lat' dir='ltr'>et</span> <span class='ocrx_word' id='word_1_7' title='bbox 522 366 614 425; x_wconf 81' lang='lat' dir='ltr'>Tudri</span> <span class='ocrx_word' id='word_1_8' title='bbox 633 385 731 442; x_wconf 90' lang='lat' dir='ltr'>genus.</span> <span class='ocrx_word' id='word_1_9' title='bbox 775 367 841 451; x_wconf 85' lang='lat' dir='ltr'>Iam</span> <span class='ocrx_word' id='word_1_10' title='bbox 860 374 891 426; x_wconf 90' lang='lat' dir='ltr'>et</span> <span class='ocrx_word' id='word_1_11' title='bbox 914 375 1051 431; x_wconf 80' lang='lat' dir='ltr'>externos</span> 
     </span>
     <span class='ocr_line' id='line_1_3' title="bbox 163 463 1051 541; baseline 0.009 -22"><span class='ocrx_word' id='word_1_12' title='bbox 163 463 332 540; x_wconf 84' lang='lat' dir='ltr'>patiuntur3</span> <span class='ocrx_word' id='word_1_13' title='bbox 352 463 403 521; x_wconf 86' lang='lat' dir='ltr'>sed</span> <span class='ocrx_word' id='word_1_14' title='bbox 422 463 468 521; x_wconf 76' lang='lat' dir='ltr'>vis</span> <span class='ocrx_word' id='word_1_15' title='bbox 484 468 514 521; x_wconf 89' lang='lat' dir='ltr'>et</span> <span class='ocrx_word' id='word_1_16' title='bbox 532 464 664 540; x_wconf 87' lang='lat' dir='ltr'>potentia</span> <span class='ocrx_word' id='word_1_17' title='bbox 681 465 798 541; x_wconf 88' lang='lat' dir='ltr'>regibus</span> <span class='ocrx_word' id='word_1_18' title='bbox 818 484 857 524; x_wconf 83' lang='lat' dir='ltr'>ex</span> <span class='ocrx_word' id='word_1_19' title='bbox 875 468 1051 527; x_wconf 86' lang='lat' dir='ltr'>auctoritate</span> 
     </span>
     <span class='ocr_line' id='line_1_4' title="bbox 163 558 1051 640; baseline 0.009 -23"><span class='ocrx_word' id='word_1_20' title='bbox 163 558 303 618; x_wconf 88' lang='lat' dir='ltr'>Romana.</span> <span class='ocrx_word' id='word_1_21' title='bbox 349 558 429 618; x_wconf 88' lang='lat' dir='ltr'>Raro</span> <span class='ocrx_word' id='word_1_22' title='bbox 456 560 544 619; x_wconf 86' lang='lat' dir='ltr'>armis</span> <span class='ocrx_word' id='word_1_23' title='bbox 570 561 686 634; x_wconf 87' lang='lat' dir='ltr'>nostris,</span> <span class='ocrx_word' id='word_1_24' title='bbox 716 562 829 638; x_wconf 86' lang='lat' dir='ltr'>saepius</span> <span class='ocrx_word' id='word_1_25' title='bbox 855 564 979 640; x_wconf 86' lang='lat' dir='ltr'>pecunia</span> <span class='ocrx_word' id='word_1_26' title='bbox 1006 565 1051 625; x_wconf 90' lang='lat' dir='ltr'>iu·</span> 
     </span>
     <span class='ocr_line' id='line_1_5' title="bbox 162 655 577 728; baseline 0.012 -15"><span class='ocrx_word' id='word_1_27' title='bbox 162 662 278 728; x_wconf 86' lang='lat' dir='ltr'>vantur,</span> <span class='ocrx_word' id='word_1_28' title='bbox 292 675 346 715; x_wconf 88' lang='lat' dir='ltr'>nee</span> <span class='ocrx_word' id='word_1_29' title='bbox 358 655 457 715; x_wconf 85' lang='lat' dir='ltr'>minus</span> <span class='ocrx_word' id='word_1_30' title='bbox 470 657 577 718; x_wconf 85' lang='lat' dir='ltr'>valent.</span> 
     </span>
    </p>

    <p class='ocr_par' dir='ltr' id='par_1_3' title="bbox 164 748 1054 1222">
     <span class='ocr_line' id='line_1_6' title="bbox 222 748 1053 836; baseline 0.008 -26"><span class='ocrx_word' id='word_1_31' title='bbox 222 750 347 811; x_wconf 90' lang='lat' dir='ltr'>XLIII.</span> <span class='ocrx_word' id='word_1_32' title='bbox 388 751 481 813; x_wconf 90' lang='lat' dir='ltr'>Retro</span> <span class='ocrx_word' id='word_1_33' title='bbox 495 748 645 831; x_wconf 82' lang='lat' dir='ltr'>Marsigni,</span> <span class='ocrx_word' id='word_1_34' title='bbox 662 752 794 830; x_wconf 80' lang='lat' dir='ltr'>Gothiui,</span> <span class='ocrx_word' id='word_1_35' title='bbox 809 755 868 830; x_wconf 89' lang='lat' dir='ltr'>Osi,</span> <span class='ocrx_word' id='word_1_36' title='bbox 884 757 958 817; x_wconf 83' lang='lat' dir='ltr'>Buri</span> <span class='ocrx_word' id='word_1_37' title='bbox 970 763 1053 836; x_wconf 83' lang='lat' dir='ltr'>terga</span> 
     </span>
     <span class='ocr_line' id='line_1_7' title="bbox 164 851 1053 933; baseline 0.004 -23"><span class='ocrx_word' id='word_1_38' title='bbox 164 851 418 911; x_wconf 79' lang='lat' dir='ltr'>Marcomanorum</span> <span class='ocrx_word' id='word_1_39' title='bbox 445 851 671 929; x_wconf 77' lang='lat' dir='ltr'>Quadorumque</span> <span class='ocrx_word' id='word_1_40' title='bbox 700 852 849 913; x_wconf 87' lang='lat' dir='ltr'>claudunt.</span> <span class='ocrx_word' id='word_1_41' title='bbox 891 854 918 914; x_wconf 81' lang='grc' dir='ltr'>Ε</span> <span class='ocrx_word' id='word_1_42' title='bbox 947 857 1053 933; x_wconf 85' lang='lat' dir='ltr'>quibus</span> 
     </span>
     <span class='ocr_line' id='line_1_8' title="bbox 165 945 1051 1027; baseline 0.003 -20"><span class='ocrx_word' id='word_1_43' title='bbox 165 948 309 1026; x_wconf 80' lang='lat' dir='ltr'>Marsigni</span> <span class='ocrx_word' id='word_1_44' title='bbox 328 952 359 1006; x_wconf 89' lang='lat' dir='ltr'>et</span> <span class='ocrx_word' id='word_1_45' title='bbox 380 945 454 1006; x_wconf 90' lang='lat' dir='ltr'>Buri</span> <span class='ocrx_word' id='word_1_46' title='bbox 471 965 602 1007; x_wconf 87' lang='lat' dir='ltr'>sermone</span> <span class='ocrx_word' id='word_1_47' title='bbox 619 949 759 1027; x_wconf 89' lang='lat' dir='ltr'>cultuque</span> <span class='ocrx_word' id='word_1_48' title='bbox 777 949 887 1011; x_wconf 83' lang='lat' dir='ltr'>Suevos</span> <span class='ocrx_word' id='word_1_49' title='bbox 902 951 1051 1026; x_wconf 83' lang='lat' dir='ltr'>referunt;</span> 
     </span>
     <span class='ocr_line' id='line_1_9' title="bbox 165 1043 1054 1126; baseline 0.004 -22"><span class='ocrx_word' id='word_1_50' title='bbox 165 1044 310 1106; x_wconf 81' lang='lat' dir='ltr'>Gothinos</span> <span class='ocrx_word' id='word_1_51' title='bbox 323 1043 442 1116; x_wconf 83' lang='lat' dir='ltr'>Gallica,</span> <span class='ocrx_word' id='word_1_52' title='bbox 458 1044 531 1104; x_wconf 89' lang='lat' dir='ltr'>Osos</span> <span class='ocrx_word' id='word_1_53' title='bbox 544 1045 714 1105; x_wconf 89' lang='lat' dir='ltr'>Pannonica</span> <span class='ocrx_word' id='word_1_54' title='bbox 729 1048 830 1123; x_wconf 87' lang='lat' dir='ltr'>lingua</span> <span class='ocrx_word' id='word_1_55' title='bbox 846 1049 977 1126; x_wconf 72' lang='lat' dir='ltr'>coarguit</span> <span class='ocrx_word' id='word_1_56' title='bbox 992 1068 1054 1108; x_wconf 86' lang='lat' dir='ltr'>non</span> 
     </span>
     <span class='ocr_line' id='line_1_10' title="bbox 166 1143 1053 1222; baseline 0.005 -20"><span class='ocrx_word' id='word_1_57' title='bbox 166 1163 226 1203; x_wconf 87' lang='lat' dir='ltr'>csse</span> <span class='ocrx_word' id='word_1_58' title='bbox 250 1143 417 1214; x_wconf 82' lang='lat' dir='ltr'>Germanos,</span> <span class='ocrx_word' id='word_1_59' title='bbox 441 1149 472 1202; x_wconf 88' lang='lat' dir='ltr'>et</span> <span class='ocrx_word' id='word_1_60' title='bbox 498 1143 577 1221; x_wconf 89' lang='lat' dir='ltr'>quod</span> <span class='ocrx_word' id='word_1_61' title='bbox 599 1145 711 1204; x_wconf 88' lang='lat' dir='ltr'>tributa</span> <span class='ocrx_word' id='word_1_62' title='bbox 737 1145 899 1222; x_wconf 86' lang='lat' dir='ltr'>patiuntur.</span> <span class='ocrx_word' id='word_1_63' title='bbox 934 1146 1053 1206; x_wconf 80' lang='lat' dir='ltr'>Partem</span> 
     </span>
    </p>
   </div>
   <div class='ocr_carea' id='block_1_3' title="bbox 166 1240 1055 1900">
    <p class='ocr_par' dir='ltr' id='par_1_4' title="bbox 166 1240 1055 1900">
     <span class='ocr_line' id='line_1_11' title="bbox 167 1240 1054 1320; baseline 0.003 -21"><span class='ocrx_word' id='word_1_64' title='bbox 167 1242 343 1300; x_wconf 90' lang='lat' dir='ltr'>tributorum</span> <span class='ocrx_word' id='word_1_65' title='bbox 384 1240 541 1314; x_wconf 75' lang='lat' dir='ltr'>Sarmatae,</span> <span class='ocrx_word' id='word_1_66' title='bbox 569 1247 683 1318; x_wconf 87' lang='lat' dir='ltr'>partem</span> <span class='ocrx_word' id='word_1_67' title='bbox 707 1240 805 1311; x_wconf 81' lang='lat' dir='ltr'>Quadi</span> <span class='ocrx_word' id='word_1_68' title='bbox 826 1248 863 1300; x_wconf 92' lang='lat' dir='ltr'>ut</span> <span class='ocrx_word' id='word_1_69' title='bbox 884 1243 1054 1320; x_wconf 78' lang='lat' dir='ltr'>alienigenis</span> 
     </span>
     <span class='ocr_line' id='line_1_12' title="bbox 166 1336 1054 1414; baseline 0 -17"><span class='ocrx_word' id='word_1_70' title='bbox 166 1338 329 1414; x_wconf 80' lang='lat' dir='ltr'>imponunt.</span> <span class='ocrx_word' id='word_1_71' title='bbox 383 1337 513 1411; x_wconf 83' lang='lat' dir='ltr'>Gothini,</span> <span class='ocrx_word' id='word_1_72' title='bbox 545 1356 603 1414; x_wconf 89' lang='lat' dir='ltr'>quo</span> <span class='ocrx_word' id='word_1_73' title='bbox 630 1337 722 1414; x_wconf 84' lang='lat' dir='ltr'>magis</span> <span class='ocrx_word' id='word_1_74' title='bbox 745 1336 861 1414; x_wconf 85' lang='lat' dir='ltr'>pudeat,</span> <span class='ocrx_word' id='word_1_75' title='bbox 887 1344 919 1396; x_wconf 88' lang='lat' dir='ltr'>et</span> <span class='ocrx_word' id='word_1_76' title='bbox 944 1338 1054 1398; x_wconf 84' lang='lat' dir='ltr'>fenum</span> 
     </span>
     <span class='ocr_line' id='line_1_13' title="bbox 167 1431 1052 1512; baseline 0.005 -22"><span class='ocrx_word' id='word_1_77' title='bbox 167 1432 315 1505; x_wconf 88' lang='lat' dir='ltr'>effodiunt,</span> <span class='ocrx_word' id='word_1_78' title='bbox 345 1450 502 1508; x_wconf 89' lang='lat' dir='ltr'>omnesque</span> <span class='ocrx_word' id='word_1_79' title='bbox 532 1431 564 1490; x_wconf 93' lang='lat' dir='ltr'>hi</span> <span class='ocrx_word' id='word_1_80' title='bbox 593 1431 694 1508; x_wconf 89' lang='lat' dir='ltr'>populi</span> <span class='ocrx_word' id='word_1_81' title='bbox 720 1451 812 1509; x_wconf 88' lang='lat' dir='ltr'>pauca</span> <span class='ocrx_word' id='word_1_82' title='bbox 838 1434 1052 1512; x_wconf 77' lang='lat' dir='ltr'>campestrium,</span> 
     </span>
     <span class='ocr_line' id='line_1_14' title="bbox 167 1529 1054 1608; baseline 0.002 -20"><span class='ocrx_word' id='word_1_83' title='bbox 167 1535 295 1595; x_wconf 85' lang='lat' dir='ltr'>ceterum</span> <span class='ocrx_word' id='word_1_84' title='bbox 313 1529 404 1588; x_wconf 88' lang='lat' dir='ltr'>saltus</span> <span class='ocrx_word' id='word_1_85' title='bbox 422 1536 453 1588; x_wconf 89' lang='lat' dir='ltr'>et</span> <span class='ocrx_word' id='word_1_86' title='bbox 470 1529 592 1588; x_wconf 81' lang='lat' dir='ltr'>vertices</span> <span class='ocrx_word' id='word_1_87' title='bbox 610 1530 755 1590; x_wconf 89' lang='lat' dir='ltr'>montium</span> <span class='ocrx_word' id='word_1_88' title='bbox 768 1531 927 1608; x_wconf 90' lang='lat' dir='ltr'>iugumque</span> <span class='ocrx_word' id='word_1_89' title='bbox 944 1531 1054 1590; x_wconf 87' lang='lat' dir='ltr'>insede·</span> 
     </span>
     <span class='ocr_line' id='line_1_15' title="bbox 167 1627 1055 1706; baseline 0.002 -18"><span class='ocrx_word' id='word_1_90' title='bbox 167 1634 245 1688; x_wconf 83' lang='lat' dir='ltr'>runt</span> <span class='ocrx_word' id='word_1_91' title='bbox 288 1628 411 1687; x_wconf 89' lang='lat' dir='ltr'>Dirimit</span> <span class='ocrx_word' id='word_1_92' title='bbox 433 1628 511 1688; x_wconf 90' lang='lat' dir='ltr'>enim</span> <span class='ocrx_word' id='word_1_93' title='bbox 534 1628 698 1706; x_wconf 82' lang='lat' dir='ltr'>scinditque</span> <span class='ocrx_word' id='word_1_94' title='bbox 721 1627 859 1686; x_wconf 82' lang='lat' dir='ltr'>Sueviam</span> <span class='ocrx_word' id='word_1_95' title='bbox 882 1628 1055 1690; x_wconf 88' lang='lat' dir='ltr'>continuum</span> 
     </span>
     <span class='ocr_line' id='line_1_16' title="bbox 168 1723 1051 1804; baseline 0.005 -21"><span class='ocrx_word' id='word_1_96' title='bbox 168 1725 311 1783; x_wconf 90' lang='lat' dir='ltr'>montium</span> <span class='ocrx_word' id='word_1_97' title='bbox 328 1726 437 1801; x_wconf 91' lang='lat' dir='ltr'>iugum,</span> <span class='ocrx_word' id='word_1_98' title='bbox 463 1724 542 1782; x_wconf 89' lang='lat' dir='ltr'>ultra</span> <span class='ocrx_word' id='word_1_99' title='bbox 563 1724 641 1802; x_wconf 89' lang='lat' dir='ltr'>quod</span> <span class='ocrx_word' id='word_1_100' title='bbox 663 1723 805 1802; x_wconf 81' lang='lat' dir='ltr'>plurimae</span> <span class='ocrx_word' id='word_1_101' title='bbox 826 1731 927 1802; x_wconf 88' lang='lat' dir='ltr'>gentes</span> <span class='ocrx_word' id='word_1_102' title='bbox 953 1732 1051 1804; x_wconf 77' lang='lat' dir='ltr'>agrmt</span> 
     </span>
     <span class='ocr_line' id='line_1_17' title="bbox 169 1821 1055 1900; baseline 0.002 -20"><span class='ocrx_word' id='word_1_103' title='bbox 169 1822 217 1880; x_wconf 84' lang='lat' dir='ltr'>Ex</span> <span class='ocrx_word' id='word_1_104' title='bbox 236 1822 341 1898; x_wconf 90' lang='lat' dir='ltr'>quibus</span> <span class='ocrx_word' id='word_1_105' title='bbox 361 1821 502 1880; x_wconf 88' lang='lat' dir='ltr'>latissime</span> <span class='ocrx_word' id='word_1_106' title='bbox 519 1826 601 1898; x_wconf 88' lang='lat' dir='ltr'>patet</span> <span class='ocrx_word' id='word_1_107' title='bbox 619 1821 770 1898; x_wconf 88' lang='lat' dir='ltr'>Ligiorum</span> <span class='ocrx_word' id='word_1_108' title='bbox 790 1840 897 1882; x_wconf 88' lang='lat' dir='ltr'>nomen</span> <span class='ocrx_word' id='word_1_109' title='bbox 911 1823 944 1882; x_wconf 90' lang='lat' dir='ltr'>in</span> <span class='ocrx_word' id='word_1_110' title='bbox 956 1824 1055 1900; x_wconf 78' lang='lat' dir='ltr'>plures</span> 
     </span>
    </p>
   </div>
   <div class='ocr_carea' id='block_1_4' title="bbox 166 1916 1057 3558">
    <p class='ocr_par' dir='ltr' id='par_1_5' title="bbox 166 1916 1057 3558">
     <span class='ocr_line' id='line_1_18' title="bbox 169 1916 1053 1992; baseline 0.001 -16"><span class='ocrx_word' id='word_1_111' title='bbox 169 1919 301 1978; x_wconf 84' lang='lat' dir='ltr'>civitates</span> <span class='ocrx_word' id='word_1_112' title='bbox 314 1917 458 1977; x_wconf 86' lang='lat' dir='ltr'>diffusum</span> <span class='ocrx_word' id='word_1_113' title='bbox 508 1916 734 1976; x_wconf 85' lang='lat' dir='ltr'>Valentissimue</span> <span class='ocrx_word' id='word_1_114' title='bbox 746 1918 910 1978; x_wconf 86' lang='lat' dir='ltr'>nominasse</span> <span class='ocrx_word' id='word_1_115' title='bbox 923 1919 1053 1992; x_wconf 85' lang='lat' dir='ltr'>sufficiet,</span> 
     </span>
     <span class='ocr_line' id='line_1_19' title="bbox 170 2016 1054 2089; baseline -0.003 -12"><span class='ocrx_word' id='word_1_116' title='bbox 170 2018 287 2088; x_wconf 80' lang='lat' dir='ltr'>Herios,</span> <span class='ocrx_word' id='word_1_117' title='bbox 333 2017 523 2088; x_wconf 86' lang='lat' dir='ltr'>Helveoonas,</span> <span class='ocrx_word' id='word_1_118' title='bbox 563 2016 717 2088; x_wconf 85' lang='lat' dir='ltr'>Manimcs,</span> <span class='ocrx_word' id='word_1_119' title='bbox 756 2016 869 2089; x_wconf 74' lang='lat' dir='ltr'>Elisioa</span> <span class='ocrx_word' id='word_1_120' title='bbox 901 2017 1054 2076; x_wconf 80' lang='lat' dir='ltr'>Nahanar·</span> 
     </span>
     <span class='ocr_line' id='line_1_20' title="bbox 169 2111 1055 2191; baseline 0.001 -19"><span class='ocrx_word' id='word_1_121' title='bbox 169 2113 256 2174; x_wconf 88' lang='lat' dir='ltr'>vales.</span> <span class='ocrx_word' id='word_1_122' title='bbox 295 2113 388 2191; x_wconf 91' lang='lat' dir='ltr'>Apud</span> <span class='ocrx_word' id='word_1_123' title='bbox 407 2111 627 2171; x_wconf 83' lang='lat' dir='ltr'>Nahanarvalos</span> <span class='ocrx_word' id='word_1_124' title='bbox 650 2112 788 2190; x_wconf 87' lang='lat' dir='ltr'>autiquae</span> <span class='ocrx_word' id='word_1_125' title='bbox 808 2112 954 2190; x_wconf 87' lang='lat' dir='ltr'>religionis</span> <span class='ocrx_word' id='word_1_126' title='bbox 971 2112 1055 2173; x_wconf 83' lang='lat' dir='ltr'>lucus</span> 
     </span>
     <span class='ocr_line' id='line_1_21' title="bbox 170 2208 1053 2284; baseline 0.001 -17"><span class='ocrx_word' id='word_1_127' title='bbox 170 2210 341 2270; x_wconf 86' lang='lat' dir='ltr'>ostenditur·</span> <span class='ocrx_word' id='word_1_128' title='bbox 398 2208 550 2268; x_wconf 86' lang='lat' dir='ltr'>Praesidet</span> <span class='ocrx_word' id='word_1_129' title='bbox 583 2209 714 2268; x_wconf 85' lang='lat' dir='ltr'>sacerdos</span> <span class='ocrx_word' id='word_1_130' title='bbox 753 2209 889 2268; x_wconf 85' lang='lat' dir='ltr'>muliebri</span> <span class='ocrx_word' id='word_1_131' title='bbox 929 2216 1053 2284; x_wconf 71' lang='lat' dir='ltr'>ornatu,</span> 
     </span>
     <span class='ocr_line' id='line_1_22' title="bbox 170 2304 1056 2384; baseline -0.001 -19"><span class='ocrx_word' id='word_1_132' title='bbox 170 2307 220 2367; x_wconf 88' lang='lat' dir='ltr'>sed</span> <span class='ocrx_word' id='word_1_133' title='bbox 247 2307 314 2365; x_wconf 87' lang='lat' dir='ltr'>deos</span> <span class='ocrx_word' id='word_1_134' title='bbox 340 2305 580 2384; x_wconf 86' lang='lat' dir='ltr'>interpretatione</span> <span class='ocrx_word' id='word_1_135' title='bbox 610 2305 744 2365; x_wconf 89' lang='lat' dir='ltr'>Romana</span> <span class='ocrx_word' id='word_1_136' title='bbox 778 2304 927 2365; x_wconf 76' lang='lat' dir='ltr'>Castorem</span> <span class='ocrx_word' id='word_1_137' title='bbox 958 2305 1056 2365; x_wconf 91' lang='lat' dir='ltr'>Pollu·</span> 
     </span>
     <span class='ocr_line' id='line_1_23' title="bbox 166 2402 1053 2481; baseline -0.002 -17"><span class='ocrx_word' id='word_1_138' title='bbox 166 2421 289 2481; x_wconf 65' lang='lat' dir='ltr'>,comque</span> <span class='ocrx_word' id='word_1_139' title='bbox 320 2410 497 2478; x_wconf 87' lang='lat' dir='ltr'>memorant;</span> <span class='ocrx_word' id='word_1_140' title='bbox 529 2423 562 2462; x_wconf 84' lang='lat' dir='ltr'>ce</span> <span class='ocrx_word' id='word_1_141' title='bbox 598 2403 643 2462; x_wconf 91' lang='lat' dir='ltr'>vis</span> <span class='ocrx_word' id='word_1_142' title='bbox 671 2402 795 2474; x_wconf 90' lang='lat' dir='ltr'>numini,</span> <span class='ocrx_word' id='word_1_143' title='bbox 825 2419 932 2461; x_wconf 90' lang='lat' dir='ltr'>nomen</span> <span class='ocrx_word' id='word_1_144' title='bbox 961 2402 1053 2462; x_wconf 84' lang='lat' dir='ltr'>Alcis.</span> 
     </span>
     <span class='ocr_line' id='line_1_24' title="bbox 171 2498 1056 2578; baseline -0.005 -17"><span class='ocrx_word' id='word_1_145' title='bbox 171 2501 263 2562; x_wconf 83' lang='lat' dir='ltr'>Nulla</span> <span class='ocrx_word' id='word_1_146' title='bbox 296 2501 457 2575; x_wconf 87' lang='lat' dir='ltr'>simulacra,</span> <span class='ocrx_word' id='word_1_147' title='bbox 491 2501 606 2560; x_wconf 88' lang='lat' dir='ltr'>nullum</span> <span class='ocrx_word' id='word_1_148' title='bbox 640 2500 806 2578; x_wconf 85' lang='lat' dir='ltr'>peregrinae</span> <span class='ocrx_word' id='word_1_149' title='bbox 841 2498 1056 2575; x_wconf 84' lang='lat' dir='ltr'>superstitionis</span> 
     </span>
     <span class='ocr_line' id='line_1_25' title="bbox 170 2599 1053 2677; baseline 0.001 -21"><span class='ocrx_word' id='word_1_150' title='bbox 170 2600 328 2677; x_wconf 88' lang='lat' dir='ltr'>vestigium</span> <span class='ocrx_word' id='word_1_151' title='bbox 333 2620 342 2673; x_wconf 74' lang='lat'>5</span> <span class='ocrx_word' id='word_1_152' title='bbox 362 2606 397 2658; x_wconf 89' lang='lat' dir='ltr'>ut</span> <span class='ocrx_word' id='word_1_153' title='bbox 418 2600 523 2658; x_wconf 86' lang='lat' dir='ltr'>fratres</span> <span class='ocrx_word' id='word_1_154' title='bbox 546 2605 653 2670; x_wconf 88' lang='lat' dir='ltr'>tamon,</span> <span class='ocrx_word' id='word_1_155' title='bbox 665 2603 711 2656; x_wconf 79' lang='lat' dir='ltr'>&#39;ut</span> <span class='ocrx_word' id='word_1_156' title='bbox 730 2599 849 2657; x_wconf 84' lang='lat' dir='ltr'>iuvenes</span> <span class='ocrx_word' id='word_1_157' title='bbox 868 2603 1053 2657; x_wconf 80' lang='lat' dir='ltr'>venerantur.</span> 
     </span>
     <span class='ocr_line' id='line_1_26' title="bbox 172 2694 1055 2773; baseline -0.002 -19"><span class='ocrx_word' id='word_1_158' title='bbox 172 2696 310 2756; x_wconf 77' lang='lat' dir='ltr'>Ueterum</span> <span class='ocrx_word' id='word_1_159' title='bbox 330 2697 418 2756; x_wconf 83' lang='lat' dir='ltr'>Harii</span> <span class='ocrx_word' id='word_1_160' title='bbox 436 2715 522 2773; x_wconf 87' lang='lat' dir='ltr'>super</span> <span class='ocrx_word' id='word_1_161' title='bbox 539 2696 625 2769; x_wconf 83' lang='lat' dir='ltr'>vires,</span> <span class='ocrx_word' id='word_1_162' title='bbox 645 2695 750 2772; x_wconf 87' lang='lat' dir='ltr'>quibus</span> <span class='ocrx_word' id='word_1_163' title='bbox 768 2699 951 2754; x_wconf 84' lang='lat' dir='ltr'>enumeratos</span> <span class='ocrx_word' id='word_1_164' title='bbox 968 2694 1055 2771; x_wconf 86' lang='lat' dir='ltr'>paulo</span> 
     </span>
     <span class='ocr_line' id='line_1_27' title="bbox 171 2790 1056 2872; baseline -0.001 -21"><span class='ocrx_word' id='word_1_165' title='bbox 171 2799 239 2851; x_wconf 88' lang='lat' dir='ltr'>ante</span> <span class='ocrx_word' id='word_1_166' title='bbox 260 2793 381 2872; x_wconf 85' lang='lat' dir='ltr'>populos</span> <span class='ocrx_word' id='word_1_167' title='bbox 404 2792 586 2863; x_wconf 84' lang='lat' dir='ltr'>antecedunt,</span> <span class='ocrx_word' id='word_1_168' title='bbox 610 2797 705 2850; x_wconf 86' lang='lat' dir='ltr'>truces</span> <span class='ocrx_word' id='word_1_169' title='bbox 733 2791 836 2849; x_wconf 85' lang='lat' dir='ltr'>insitae</span> <span class='ocrx_word' id='word_1_170' title='bbox 857 2790 968 2850; x_wconf 85' lang='lat' dir='ltr'>feritati</span> <span class='ocrx_word' id='word_1_171' title='bbox 992 2797 1056 2850; x_wconf 87' lang='lat' dir='ltr'>arte</span> 
     </span>
     <span class='ocr_line' id='line_1_28' title="bbox 172 2888 1054 2969; baseline -0.002 -19"><span class='ocrx_word' id='word_1_172' title='bbox 172 2911 205 2952; x_wconf 89' lang='lat' dir='ltr'>ao</span> <span class='ocrx_word' id='word_1_173' title='bbox 218 2897 347 2969; x_wconf 89' lang='lat' dir='ltr'>tempore</span> <span class='ocrx_word' id='word_1_174' title='bbox 360 2890 569 2950; x_wconf 87' lang='lat' dir='ltr'>lenocinantur.</span> <span class='ocrx_word' id='word_1_175' title='bbox 602 2888 697 2966; x_wconf 86' lang='lat' dir='ltr'>Nigra</span> <span class='ocrx_word' id='word_1_176' title='bbox 712 2895 802 2962; x_wconf 89' lang='lat' dir='ltr'>scuta,</span> <span class='ocrx_word' id='word_1_177' title='bbox 812 2890 906 2950; x_wconf 87' lang='lat' dir='ltr'>tincta</span> <span class='ocrx_word' id='word_1_178' title='bbox 920 2909 1054 2968; x_wconf 87' lang='lat' dir='ltr'>corpora;</span> 
     </span>
     <span class='ocr_line' id='line_1_29' title="bbox 172 2988 1056 3067; baseline 0 -17"><span class='ocrx_word' id='word_1_179' title='bbox 172 2996 250 3050; x_wconf 87' lang='lat' dir='ltr'>atras</span> <span class='ocrx_word' id='word_1_180' title='bbox 275 2990 313 3050; x_wconf 90' lang='lat' dir='ltr'>ad</span> <span class='ocrx_word' id='word_1_181' title='bbox 341 2989 450 3067; x_wconf 86' lang='lat' dir='ltr'>proelia</span> <span class='ocrx_word' id='word_1_182' title='bbox 481 2994 579 3047; x_wconf 86' lang='lat' dir='ltr'>noctes</span> <span class='ocrx_word' id='word_1_183' title='bbox 610 2988 720 3065; x_wconf 78' lang='lat' dir='ltr'>legrmt,</span> <span class='ocrx_word' id='word_1_184' title='bbox 750 2989 870 3066; x_wconf 84' lang='lat' dir='ltr'>ipsaque</span> <span class='ocrx_word' id='word_1_185' title='bbox 899 2989 1056 3050; x_wconf 83' lang='lat' dir='ltr'>formidine</span> 
     </span>
     <span class='ocr_line' id='line_1_30' title="bbox 171 3085 1054 3164; baseline 0.001 -18"><span class='ocrx_word' id='word_1_186' title='bbox 171 3093 260 3164; x_wconf 88' lang='lat' dir='ltr'>atque</span> <span class='ocrx_word' id='word_1_187' title='bbox 273 3088 377 3147; x_wconf 87' lang='lat' dir='ltr'>umbra</span> <span class='ocrx_word' id='word_1_188' title='bbox 389 3085 487 3146; x_wconf 81' lang='lat' dir='ltr'>feralis</span> <span class='ocrx_word' id='word_1_189' title='bbox 503 3085 646 3145; x_wconf 84' lang='lat' dir='ltr'>exercitus</span> <span class='ocrx_word' id='word_1_190' title='bbox 662 3091 802 3145; x_wconf 88' lang='lat' dir='ltr'>terrorem</span> <span class='ocrx_word' id='word_1_191' title='bbox 818 3087 956 3160; x_wconf 84' lang='lat' dir='ltr'>inserunt,</span> <span class='ocrx_word' id='word_1_192' title='bbox 974 3087 1054 3147; x_wconf 88' lang='lat' dir='ltr'>nullo</span> 
     </span>
     <span class='ocr_line' id='line_1_31' title="bbox 171 3185 1055 3265; baseline -0.002 -19"><span class='ocrx_word' id='word_1_193' title='bbox 171 3187 300 3247; x_wconf 88' lang='lat' dir='ltr'>hostium</span> <span class='ocrx_word' id='word_1_194' title='bbox 309 3186 471 3246; x_wconf 85' lang='lat' dir='ltr'>sustinente</span> <span class='ocrx_word' id='word_1_195' title='bbox 480 3185 725 3246; x_wconf 85' lang='lat' dir='ltr'>novumacvelut</span> <span class='ocrx_word' id='word_1_196' title='bbox 734 3186 881 3246; x_wconf 87' lang='lat' dir='ltr'>infernum</span> <span class='ocrx_word' id='word_1_197' title='bbox 891 3193 1040 3265; x_wconf 80' lang='lat' dir='ltr'>aspectum</span> <span class='ocrx_word' id='word_1_198' title='bbox 1046 3207 1055 3260; x_wconf 89' lang='lat'>;</span> 
     </span>
     <span class='ocr_line' id='line_1_32' title="bbox 172 3285 1057 3364; baseline 0.001 -20"><span class='ocrx_word' id='word_1_199' title='bbox 172 3305 241 3345; x_wconf 90' lang='lat' dir='ltr'>nam</span> <span class='ocrx_word' id='word_1_200' title='bbox 253 3286 342 3364; x_wconf 85' lang='lat' dir='ltr'>primi</span> <span class='ocrx_word' id='word_1_201' title='bbox 353 3286 386 3344; x_wconf 90' lang='lat' dir='ltr'>in</span> <span class='ocrx_word' id='word_1_202' title='bbox 399 3286 534 3346; x_wconf 87' lang='lat' dir='ltr'>omnibus</span> <span class='ocrx_word' id='word_1_203' title='bbox 547 3285 663 3362; x_wconf 89' lang='lat' dir='ltr'>proeliis</span> <span class='ocrx_word' id='word_1_204' title='bbox 677 3285 753 3343; x_wconf 90' lang='lat' dir='ltr'>oculi</span> <span class='ocrx_word' id='word_1_205' title='bbox 766 3285 933 3344; x_wconf 87' lang='lat' dir='ltr'>vincuntur.</span> <span class='ocrx_word' id='word_1_206' title='bbox 963 3285 1057 3345; x_wconf 78' lang='lat' dir='ltr'>Trans</span> 
     </span>
     <span class='ocr_line' id='line_1_33' title="bbox 173 3381 1056 3460; baseline 0.002 -20"><span class='ocrx_word' id='word_1_207' title='bbox 173 3381 271 3459; x_wconf 86' lang='lat' dir='ltr'>Ligios</span> <span class='ocrx_word' id='word_1_208' title='bbox 285 3382 434 3442; x_wconf 82' lang='lat' dir='ltr'>Gethones</span> <span class='ocrx_word' id='word_1_209' title='bbox 446 3388 613 3460; x_wconf 85' lang='lat' dir='ltr'>regnantur,</span> <span class='ocrx_word' id='word_1_210' title='bbox 627 3383 715 3459; x_wconf 87' lang='lat' dir='ltr'>paulo</span> <span class='ocrx_word' id='word_1_211' title='bbox 730 3381 789 3441; x_wconf 88' lang='lat' dir='ltr'>iam</span> <span class='ocrx_word' id='word_1_212' title='bbox 799 3383 955 3441; x_wconf 85' lang='lat' dir='ltr'>adductius</span> <span class='ocrx_word' id='word_1_213' title='bbox 968 3403 1056 3460; x_wconf 91' lang='lat' dir='ltr'>quam</span> 
     </span>
     <span class='ocr_line' id='line_1_34' title="bbox 174 3481 1057 3558; baseline 0.003 -22"><span class='ocrx_word' id='word_1_214' title='bbox 174 3486 284 3540; x_wconf 84' lang='lat' dir='ltr'>ceterae</span> <span class='ocrx_word' id='word_1_215' title='bbox 311 3481 522 3540; x_wconf 80' lang='lat' dir='ltr'>Germanorum</span> <span class='ocrx_word' id='word_1_216' title='bbox 548 3487 657 3558; x_wconf 90' lang='lat' dir='ltr'>gentes,</span> <span class='ocrx_word' id='word_1_217' title='bbox 684 3481 815 3540; x_wconf 88' lang='lat' dir='ltr'>nondum</span> <span class='ocrx_word' id='word_1_218' title='bbox 841 3487 940 3540; x_wconf 89' lang='lat' dir='ltr'>tamen</span> <span class='ocrx_word' id='word_1_219' title='bbox 969 3501 1057 3558; x_wconf 86' lang='lat' dir='ltr'>supra</span> 
     </span>
    </p>
   </div>
   <div class='ocr_carea' id='block_1_5' title="bbox 0 0 1211 3788">
    <p class='ocr_par' dir='ltr' id='par_1_6' title="bbox 0 0 1211 3788">
     <span class='ocr_line' id='line_1_35' title="bbox 0 0 1211 3788; baseline 0 0"><span class='ocrx_word' id='word_1_220' title='bbox 0 0 1211 3788; x_wconf 95' lang='lat' dir='ltr'> </span> 
     </span>
    </p>
   </div>
  </div>
 </body>
</html>
