2406 3782
204 263 221 320 6
464 259 667 326 CORNELII
692 260 837 326 malr]

203 392 382 470 captivitate,
392 413 480 472 quam
487 395 573 472 longe
582 395 784 474 impatientius
793 392 967 452 feminarum
978 410 1095 450 suarum

203 489 322 548 nomine
344 491 461 564 timent,
487 491 567 564 adeo,
593 498 628 550 ut
652 491 794 550 efficacius
816 489 984 566 obligentur
1003 488 1095 548 animi

204 585 367 659 civitatum,
382 588 489 680 quibus
502 589 581 647 inter
595 588 709 646 obsides
721 587 837 665 puellae
848 605 964 664 quoque
983 584 1096 643 nobiles

204 677 393 778 imperantur.
449 685 549 746 Inesse
572 688 645 765 quin
666 687 757 744 etiam
777 690 911 744 11111111
930 682 1043 760 aliquid
1064 688 1097 741 et

202 769 360 858 providum
372 787 488 859 putant,
502 803 557 842 nec
570 790 623 843 111
637 783 757 843 consilia
771 802 871 841 earum
891 786 1093 858 aspernantur,

202 883 257 934 'aut
277 897 413 954 responsa
438 879 598 956 negligrmt
654 877 794 937 Vidimus
819 877 875 937 sub
896 877 967 935 divo
985 875 1096 953 Vespa·-

201 974 286 1033 siano
313 973 466 1050 Veledam,
494 977 546 1034 din
577 976 657 1054 apud
687 976 840 1054 plerosque
870 973 1002 1032 numinis
1031 972 1095 1032 loco

203 1071 341 1158 habitam.
385 1074 493 1133 Sedet
513 1074 582 1133 olim
602 1073 770 1132 Albrunam
790 1080 821 1132 et
841 1072 1002 1150 complures
1022 1071 1095 1130 alias

200 1153 336 1229 uenerati
349 1177 426 1244 sunt,
441 1191 502 1229 non
521 1171 705 1243 adulatione,
718 1190 773 1230 nec
792 1176 945 1249 tamquam
964 1170 1095 1228 moerent

199 1264 326 1405 3le
389 1345 520 1406 Deorum
547 1345 675 1406 maxime
702 1345 882 1405 Mercurium
908 1346 1017 1420 colunt,
1046 1345 1111 1420 cui,

203 1443 291 1502 certis
304 1443 407 1502 diebus
419 1443 556 1503 humanis
569 1462 685 1521 quoque
698 1442 801 1501 hostiis
813 1443 900 1502 litare
915 1443 958 1500 fas
973 1441 1092 1502 habent.

203 1538 387 1622 [Herculem]
405 1562 439 1600 ac
463 1542 592 1600 Martem
612 1543 753 1600 concessis
771 1541 947 1600 animalibus
966 1539 1092 1618 placant

204 1637 277 1698 Pars
298 1638 461 1698 Sacrorum
484 1647 514 1700 et
538 1641 613 1698 Isidi
640 1641 787 1700 sacrificat
831 1639 921 1699 Unde
949 1658 1036 1719 causa
1063 1648 1094 1696 et

202 1734 283 1810 origo
292 1736 445 1812 peregrino
456 1754 543 1808 sacro,
555 1755 660 1812 parum
670 1735 804 1814 comperi,
817 1736 875 1794 nisi
884 1735 963 1813 quod
976 1735 1093 1812 signum

197 1830 299 1906 'ipsum
311 1831 344 1889 in
359 1832 479 1891 modum
495 1832 643 1892 Liburnae
659 1833 818 1912 figuratum
838 1833 922 1892 docet
939 1833 1093 1892 advectam

202 1927 379 2004 religionem.
422 1927 560 1988 (laterum
589 1949 643 1988 neo
672 1930 806 1988 cohibere
835 1930 997 2006 parietibus
1023 1928 1093 1996 deos

194 2043 295 2104 ‘neque
322 2027 468 2086 in'ullam
491 2029 694 2086 humanioris
717 2027 841 2104 speciem
864 2026 1033 2084 assimulare
1053 2045 1093 2084 ex

201 2126 402 2202 magnitudine
416 2127 586 2186 coelestium
598 2127 785 2186 arbitrantur.
817 2124 911 2184 Lucos
924 2145 958 2184 ac
970 2143 1092 2183 nemora

195 2225 376 2294 consecrant,
395 2223 573 2300 deorumque
592 2223 760 2282 nominibus
779 2222 927 2300 appellant
947 2227 1092 2280 secretum

200 2319 282 2392 illud,
298 2320 375 2398 quod
389 2321 450 2380 sola
463 2323 626 2381 reverentia
639 2322 750 2380 vidant.

194 2433 197 2440 ’
260 2417 299 2476 Χ.
341 2417 485 2496 Auspicia
506 2425 663 2497 sortesque,
691 2425 726 2476 ut
753 2417 806 2496 qui
832 2418 968 2485 maxime,
995 2375 1093 2482 obser-

200 2519 279 2571 rant
330 2513 461 2573 Sortinm
480 2515 662 2574 consuetude
680 2515 815 2592 simplex.
854 2514 979 2591 Virgam
999 2513 1089 2588 frugi·
1114 2547 1117 2552 ·

199 2611 276 2669 ferae
302 2613 400 2672 arbori
425 2612 587 2672 decisam
578 2632 610 2669 11
637 2612 766 2670 surculos
792 2615 955 2686 amputant,
984 2629 1090 2686 eosque

198 2707 277 2766 notis
296 2707 470 2786 quibusdem
489 2709 628 2767 discretos
647 2726 735 2784 super
754 2706 909 2764 candidam
920 2711 1033 2764 vestem
1045 2711 1089 2766 te

191 2821 277 2862 ¹mere
289 2824 323 2862 ac
342 2805 463 2863 fortuito
484 2811 633 2883 spargunt.
676 2803 757 2876 Mox,
777 2802 802 2861 si
823 2802 938 2880 publice
960 2802 1089 2862 eonsule-

198 2904 255 2973 tur,
271 2901 401 2958 sacerdos
413 2901 550 2973 civitatis,
565 2901 611 2960 sin
623 2900 771 2978 privatim,
787 2899 848 2977 ipse
861 2904 945 2977 pater
957 2898 1089 2957 familiae

197 2997 331 3075 precatus
343 2997 411 3057 deos
423 2996 592 3078 coelumque
606 2997 764 3075 suspiciens
784 3004 831 3054 ter
849 2996 978 3078 singulos
997 2995 1087 3068 tollit,

197 3095 325 3156 sublatos
338 3095 497 3154 secundum
514 3096 683 3173 impressam
703 3100 771 3153 ante
790 3100 893 3152 notam
912 3093 1085 3170 interpreta-

196 3197 253 3252 tur.
297 3191 330 3250 Si
342 3191 564 3269 prohibuerunt,
579 3191 661 3250 nulla
680 3191 717 3249 de
737 3190 837 3250 eadem
856 3209 888 3248 re
908 3188 1086 3256 ineundam

189 3283 274 3350 diem
295 3287 469 3349 consultatio
479 3310 488 3363 ;
508 3291 555 3348 sin
574 3289 755 3367 permissum,
778 3286 972 3365 auspiciorum
991 3285 1086 3345 adhuc

190 3389 267 3448 'fides
295 3389 430 3464 exigitur.
485 3387 526 3446 Et
548 3387 623 3446 illud
645 3387 763 3465 quidem
787 3386 876 3447 etiam
899 3385 1084 3456 hiematum,

188 3480 297 3544 'ariam
310 3505 394 3544 voces
408 3485 578 3563 volatusque
592 3485 784 3563 interrogare·
820 3482 976 3562 Proprium
989 3480 1085 3560 gentis
