2390 3782
179 283 216 342 12
437 282 641 344 CORNELII
665 283 809 345 TAOITI

177 410 337 488 relegatum
358 411 391 469 in
413 412 472 470 alis
494 412 591 470 insrrls
611 413 776 472 exercitum
799 412 981 488 detinereut3
1007 413 1066 470 iam

177 505 263 584 ipsos,
294 508 373 585 quod
402 507 604 566 difficillimum
632 510 730 583 fuerit,
767 510 933 570 deliberare
976 508 1067 570 Porro

172 592 209 660 'in
241 603 382 662 eiusmodi
414 604 540 662 consiliis
572 605 762 683 perinssosins
795 625 856 664 esse
889 605 1067 685 deprehendi

98 699 99 702 ’
175 719 266 778 quam
279 701 393 760 audere.

237 797 329 857 XVI.
370 797 429 857 His
446 805 537 877 atque
557 799 666 860 talibus
684 799 811 860 invicem
828 800 969 876 instincti,
978 776 1067 860 ⁸Bou-

176 894 266 969 diosa,
284 896 397 972 generis
417 897 490 974 regii
510 897 625 972 femina,
647 899 720 956 duce
741 899 945 978 (nequeenim
965 918 1067 957 sexum

176 993 211 1050 in
236 991 366 1068 imperiis
392 991 572 1072 discernunt)
604 1013 752 1072 sumpsere
780 996 913 1054 universi
941 992 1050 1054 bellum
1056 1016 1066 1069 3

178 1107 347 1165 suspensos
362 1108 415 1166 per
431 1091 554 1148 castella
569 1092 682 1150 milites
700 1094 867 1166 consectati,
892 1094 1068 1171 expugnatis
1183 1135 1184 1144 κ

177 1184 328 1266 praesidiis
341 1185 435 1262 ipsam
447 1185 590 1244 coloniam
602 1187 735 1246 invasere
748 1195 783 1247 ut
797 1189 895 1247 sedem
907 1189 1065 1246 servitutis
1183 1259 1184 1290 ᾖ

179 1275 244 1338 Nec
266 1280 361 1341 ullum
381 1282 415 1340 in
435 1282 566 1341 barbaris
586 1285 724 1343 saevitiae
744 1304 837 1362 genus
857 1285 956 1343 omisit
972 1285 1018 1342 ira
1037 1291 1069 1342 et

179 1376 308 1435 victoria
351 1378 436 1448 Quod
449 1379 508 1437 nisi
519 1378 664 1439 Paulinus
677 1383 792 1458 cognito
805 1382 971 1460 provincias
984 1387 1068 1440 motu

178 1493 299 1552 propere
328 1476 518 1551 subvenisset,
545 1478 651 1536 amissa
678 1478 834 1537 Britannia
859 1480 950 1554 foret;
980 1498 1068 1558 quarn

179 1574 267 1631 unius
280 1573 383 1650 proelii
395 1574 512 1632 fortuna
524 1575 619 1633 reteri
628 1575 789 1652 patientiae
805 1576 943 1649 restituit,
956 1575 1069 1654 (tenenb

179 1667 258 1728 tibus
281 1688 362 1726 arma
384 1668 537 1747 plerisque,
558 1689 631 1747 quos
652 1669 828 1728 conscientia
847 1670 1017 1728 desectionis
1036 1676 1069 1728 ct

179 1767 298 1849 propius
330 1785 367 1824 ex
396 1767 490 1844 legato
515 1768 607 1826 timor
638 1766 789 1846 agitabat),
826 1767 861 1826 ni
890 1786 1066 1846 quemquam

180 1865 312 1948 egregius
338 1870 434 1922 cetera
463 1872 636 1942 arroganter
661 1867 695 1924 in
721 1866 853 1940 deditos,v
871 1873 909 1938 et,
937 1872 972 1924 ut
998 1885 1068 1924 suaa

180 1959 319 2037 cuiusque
345 1960 469 2020 iniuriae
498 1963 585 2035 ultor,
617 1963 718 2022 durius
747 1963 917 2022 consuleret
959 1962 1070 2020 Missus

179 2056 272 2134 igitur
301 2056 459 2117 Petronius
487 2059 676 2136 Turpilianus
710 2067 859 2137 tamquam
895 2059 1071 2118 exorabilior

180 2137 211 2214 et
231 2154 344 2213 delictis
364 2154 494 2213 hostium
515 2174 609 2214 novus
630 2174 721 2234 eoque
743 2155 939 2234 poenitentiae
957 2154 1065 2226 mitior,

181 2251 347 2332 compositis
379 2251 525 2328 prioribus
564 2252 640 2311 nihil
679 2253 759 2310 ultra
798 2272 886 2311 ausus
925 2250 1070 2310 Trebellio

182 2346 315 2405 Maximo
337 2348 517 2425 provinciam
539 2350 669 2410 tradidit
711 2351 874 2409 Trebellius
896 2351 1012 2427 segnior
1038 2355 1069 2407 et

180 2446 271 2504 nullis
281 2449 655 2526 castrorumexperimentis
665 2449 801 2507 comitate
811 2448 938 2525 quadam
948 2446 1070 2506 curandi

181 2543 360 2621 provinciam
387 2546 492 2604 tenuit.
535 2545 672 2605 Didicere
708 2547 769 2605 iam
799 2547 919 2606 barbari
954 2566 1070 2625 quoquc

182 2641 330 2714 ignoscere
343 2639 425 2698 vitiis
438 2640 665 2714 blandientibus,
683 2648 713 2700 et
734 2643 920 2701 interventus
941 2642 1072 2700 civilium

182 2754 331 2794 armorum
343 2737 478 2818 praebuit
491 2738 600 2796 iustam
613 2740 753 2816 segnitiae
767 2739 990 2798 excusationem.
1014 2737 1072 2797 Sed

184 2831 327 2892 discordia
353 2833 529 2907 laboratum,
560 2853 651 2910 quum
679 2841 812 2892 assuetus
836 2834 1072 2912 expeditionibus

183 2928 267 2988 miles
300 2928 360 2986 otio
396 2928 551 2989 lasciviret.
594 2929 764 3004 Trebellius,
792 2930 862 3006 fuga
895 2950 929 2988 ac
951 2929 1073 2988 latebris
1183 2977 1184 2988 ,

184 3026 279 3084 vitata
294 3026 439 3084 exercitus
458 3026 503 3084 ira
520 3026 672 3084 indecorus
692 3033 781 3104 atque
798 3026 926 3101 humilis,
942 3026 1072 3104 precario

182 3141 254 3182 mox
266 3123 400 3200 praefixit,
419 3141 453 3183 ec
467 3123 550 3182 velut
568 3124 646 3200 pacti
667 3125 812 3183 exercitus
831 3124 989 3194 licentiam,
1010 3122 1071 3182 dux

183 3223 308 3281 salutem
315 3242 325 3297 3
347 3226 377 3280 et
390 3222 493 3280 seditio
506 3223 569 3280 sine
582 3223 724 3298 sangnine
737 3223 828 3283 stetit.
869 3221 934 3280 Nec
947 3220 1073 3278 Vettius

186 3317 322 3391 Bolanus,
347 3320 533 3378 manentibus
554 3320 649 3379 adhuc
672 3317 807 3378 civilibus
828 3318 920 3390 bellis,
948 3317 1074 3394 agitavit

186 3415 373 3475 Britanniam
399 3416 557 3494 disciplina
601 3416 711 3476 Fadem
736 3415 845 3473 inertia
871 3433 940 3492 erga
965 3412 1073 3483 hostes,

186 3511 289 3571 similis
322 3512 488 3592 petulentia
527 3515 697 3583 castrorum,
730 3510 788 3568 nisi
821 3509 900 3587 qnod
935 3509 1073 3568 innocens
