2406 3782
91 327 95 334 .
174 267 211 326 12
361 317 363 322 .
430 259 634 326 CORNELII
658 261 803 324 neom

170 392 285 454 Aooisis
305 394 441 469 crinibus,
456 395 606 470 nuditum,
628 415 725 455 eorem
744 392 916 472 propinquis
937 391 1060 470 expellit

171 489 630 571 domomentmsoperomnem
639 492 943 569 vicumverberesgit.
983 490 1073 548 Pub.

171 585 276 646 lioetee
292 589 371 647 enim
384 589 545 666 pudicitiae
564 590 647 648 nulle
662 590 771 663 venis3
787 596 859 646 ¹non
879 587 979 659 forms,
1001 604 1062 642 non

172 689 277 758 astute,¹
295 704 356 744 non
381 686 486 764 opibus
506 689 646 746 maritum
667 687 820 746 invenerit
857 685 960 744 “Nemo
983 682 1062 741 enim

172 779 233 840 illie
246 781 321 840 vitis
333 782 418 856 ridet,
438 802 492 842 neo
511 803 696 860 eorrumpere
716 789 747 842 et
767 781 913 858 eorrumpi
927 779 1063 838 ¹seculum

173 887 301 940 voostur.
344 881 454 940 Melius
473 883 592 959 quidem
613 884 708 942 adhue
729 901 779 942 eae
798 882 942 954 civitates,
955 879 989 936 in
1000 875 1064 954 qui-

173 979 228 1039 bus
254 985 373 1041 tantum
398 980 527 1059 virgines
553 981 679 1054 nubunt,
707 986 740 1039 et
765 999 832 1038 oum
860 995 910 1056 spe
935 979 1064 1052 votoque

173 1079 275 1138 uxoris
293 1078 383 1137 semel
401 1078 584 1156 transigitur.
624 1077 785 1136 sionnam
807 1076 957 1153 accipiunt
977 1071 1065 1131 mari·

173 1178 246 1247 tum,
262 1175 512 1251 quomodounum
531 1195 635 1254 eorpus
655 1194 803 1252 unumque
822 1174 923 1245 vitem,
945 1191 984 1230 ne
1003 1171 1065 1229 ulls

174 1270 313 1345 eogitstio
326 1271 414 1345 ultro,
428 1292 466 1331 ne
478 1272 593 1350 longior
605 1273 758 1350 cupiditas,
779 1291 818 1330 ne
837 1277 989 1347 tamquam
1003 1269 1065 1327 ms·

175 1365 274 1440 ritum,
287 1367 337 1426 sed
349 1373 500 1446 tamquam
512 1369 733 1429 matrimonium
746 1375 854 1430 ament
896 1368 1064 1427 Numerum

175 1462 334 1524 liberorum
360 1467 444 1526 finire
471 1473 524 1526 sut
551 1486 728 1545 quemquem
756 1485 794 1526 ex
820 1465 935 1544 agnatis
961 1483 1066 1522 necare

176 1561 320 1638 flagitium
333 1562 459 1622 hebetur
458 1564 604 1642 ‚plusque
617 1565 660 1623 ibi
673 1564 742 1623 boni
755 1583 850 1622 mores
863 1563 964 1622 velent
976 1573 1066 1639 qnam

176 1657 247 1716 slibi
259 1659 352 1718 bonae
365 1659 450 1737 leges.
686 1684 688 1688 ’

235 1753 309 1812 XX
352 1756 391 1814 In
404 1776 485 1816 omm
475 1757 583 1817 domo
596 1759 670 1818 nudi
684 1779 718 1818 so
731 1757 862 1818 sordidi
852 1779 885 1818 ιιι
902 1757 955 1817 hos
974 1761 1064 1830 situs,

177 1849 210 1910 in
235 1851 306 1911 bueo
332 1872 460 1932 corpore,
488 1875 563 1933 quse
589 1858 739 1929 miremur,
768 1863 950 1915 excrescunt.
1006 1854 1068 1912 Sua

176 1959 322 2027 quemque
335 1957 429 2010 mater
441 1953 581 2012 uberibus
593 1955 656 2024 alit,
670 1974 723 2013 neo
739 1955 854 2014 ancillis
873 1960 927 2012 sut
946 1953 1067 2011 nutrici-

177 2045 231 2106 bns
254 2046 434 2124 delegantur.
477 2049 637 2110 Dominum
661 2071 695 2109 so
718 2071 836 2109 servum
857 2047 946 2109 nullis
966 2050 1068 2108 eduen

177 2143 266 2204 tionis
279 2145 391 2206 deliciis
403 2147 572 2224 dignosous3
591 2149 670 2206 inter
682 2148 783 2206 eudem
796 2167 905 2226 peoora,
920 2147 953 2205 in
966 2145 1067 2204 eedem

177 2239 266 2300 humo
293 2242 413 2319 degunt,
440 2244 531 2303 donee
557 2251 636 2304 setes
653 2244 807 2323 separet
798 2262 948 2322 mgsnuos‚
970 2243 1067 2300 virtus

176 2345 321 2414 rgnosrst.
364 2341 456 2400 Sere
448 2361 589 2402 iuvenum
601 2361 702 2416 venos,
718 2362 809 2420 eoque
828 2343 1005 2401 inexhauste
1016 2361 1068 2418 pn·

177 2433 284 2494 bertas
333 2435 398 2496 Neo
423 2439 553 2515 virgines
566 2439 779 2514 festinantur,
810 2440 911 2498 sudem
936 2432 1065 2511 intentu

179 2530 282 2596 similis
302 2535 483 2609 proserites3
501 2543 585 2613 pares
603 2536 774 2613 validaeque
788 2536 955 2607 miscentur,
970 2553 1003 2592 ao
1022 2552 1068 2591 ro

178 2627 250 2694 bora
271 2638 428 2708 parentum
447 2633 534 2692 libem
554 2634 693 2694 referunt
736 2634 875 2692 Sororum
897 2633 966 2691 filiis
989 2631 1069 2690 idem

178 2726 257 2802 spud
277 2729 464 2803 atunellum,
477 2731 541 2808 'qni
564 2731 643 2810 apud
664 2736 778 2808 patrem
800 2729 898 2788 honor.
941 2727 1067 2798 Quidam

178 2825 352 2886 ,sanctiorem
373 2828 569 2906 artioremque
590 2828 669 2886 huno
690 2847 801 2886 nexum
822 2826 972 2904 sanguinis
993 2824 1069 2882 srbi·

180 2926 306 2997 trsntur,
335 2929 365 2982 et
391 2925 425 2983 in
449 2925 624 3002 accipiendis
646 2923 795 2983 obsidibus
818 2924 910 3000 magis
933 2913 1066 2999 exigunt,

180 3024 330 3097 tamquam
344 3028 374 3080 et
387 3023 518 3082 animum
531 3024 645 3083 firmius
658 3030 689 3083 et
702 3025 820 3083 domum
833 3024 923 3083 letius
938 3017 1067 3082 teneant

179 3112 314 3176 Heredes
340 3124 439 3180 temen
466 3125 698 3199 successoresque
721 3123 767 3180 sui
792 3123 896 3200 cuique
915 3120 1014 3195 liberi,
1038 3125 1070 3177 et

180 3213 297 3273 nullum
320 3221 536 3277 testamentum
579 3217 611 3276 si
631 3217 718 3276 liberi
737 3237 798 3276 non
817 3225 895 3290 sunt,
918 3214 1070 3295 proximus

180 3310 309 3388 gmllus
299 3331 333 3370 m
345 3315 521 3390 possessione
530 3315 635 3374 fmtres
635 3314 759 3392 ,petr-ui,
770 3314 915 3374 avunculi·
951 3315 1070 3386 Quanto

181 3409 247 3489 plus
261 3413 568 3492 propinquorumque
580 3414 674 3472 maior
682 3413 814 3472 sffinium
826 3430 974 3488 numerus,
984 3407 1071 3512 tento

181 3508 334 3586 motiones·
346 3518 486 3586 senectus,
500 3530 555 3571 neo
567 3511 629 3571 nlls
641 3510 775 3570 orbitatis
788 3510 892 3592 pretio.
986 3549 988 3554 -
