2392 3788
287 278 506 338 CERMANIA
530 276 859 338 XXXVHI.-.XLV.
979 282 1015 340 21

135 415 207 476 Non
226 413 348 485 Samnis,
376 431 436 471 non
458 410 558 484 Poeni,
586 430 645 470 non
671 411 835 490 Hispaniae
862 411 1017 485 Celliseve,
1139 448 1142 454 ·

134 534 176 574 nc
189 512 294 571 Parthi
309 510 427 588 quidem
444 509 557 588 saepius
572 509 754 569 admonuere.
797 508 913 586 Quippe
930 529 1020 587 regno

135 610 255 672 Arsacis
274 609 368 667 acrior
387 612 431 666 est
447 606 659 666 Germanorum
676 607 805 668 libertas.
847 607 926 679 Quid
942 609 1020 667 enim

136 707 216 766 aliud
228 706 312 764 nobis
324 725 414 782 quam
426 704 543 763 caedem
557 703 660 776 Cissei,
674 705 779 763 amisso
793 710 823 764 et
835 705 897 782 ipse
911 705 1021 764 Pacoro

136 805 214 865 infre
231 804 406 864 Ventidium
428 803 555 861 deiectus
579 803 674 862 orions
696 803 849 862 obiecerit?
883 803 929 862 At
951 803 1020 862 Cer·

136 904 217 962 mani
238 902 368 961 Carbone
392 907 423 960 et
444 901 551 974 Cassio,
573 908 604 960 et
624 901 733 961 Scauro
751 903 883 976 Aurelio,
907 909 937 962 et
957 903 1021 961 Ser-

136 1001 208 1059 vilio
230 1000 382 1078 Caepione,
397 999 498 1057 Murco
519 1018 634 1077 qnoque
650 999 765 1059 Manlio
780 1000 852 1058 fusis
865 1000 912 1058 vol
929 1000 1021 1077 ceptis

137 1101 267 1178 quinque
286 1100 373 1158 stmul
396 1098 560 1158 consulares
581 1099 726 1158 exercitus
749 1100 857 1178 populo
878 1099 1019 1172 Romano,

138 1197 254 1255 Verum
266 1197 378 1274 trisque
392 1215 458 1254 cum
471 1217 505 1254 eo
520 1196 647 1273 legiones
663 1197 752 1255 etiam
766 1195 881 1256 Caesari
896 1196 1022 1254 abstule-

138 1300 223 1366 runt3
243 1313 297 1353 nec
312 1294 432 1371 impunc
453 1292 484 1353 C.
507 1293 621 1351 Marius
641 1293 674 1352 in
695 1292 793 1366 Italia,
818 1293 903 1351 divus
926 1292 1022 1351 Iulius

135 1393 171 1450 in
194 1392 296 1464 Callis,
324 1391 438 1450 Drusus
464 1410 498 1450 sc
523 1391 604 1449 Nero
632 1397 662 1450 et
689 1389 878 1448 Germanicus
904 1391 937 1448 in
963 1390 1022 1448 suis

32 1534 37 1546 ,
140 1508 187 1546 eos
209 1489 325 1547 sedibus
346 1489 542 1566 perculerunt.
582 1487 657 1546 Mox
679 1488 812 1564 ingentes
834 1487 868 1546 C.
893 1486 1023 1546 Caesaris

136 1585 235 1643 minae
268 1584 302 1642 in
338 1585 498 1644 ludibrium
533 1605 640 1643 versae.
682 1583 758 1643 Inde
794 1584 895 1659 otium,
931 1585 1023 1642 donec

141 1683 286 1741 occasione
304 1682 462 1742 discordiae
479 1689 596 1742 nostrae
615 1688 646 1740 et
664 1682 795 1740 civilium
811 1700 958 1739 armorum
975 1701 1023 1739 ex-

140 1779 276 1856 pugnatis
293 1780 440 1857 legionum
459 1779 589 1838 hibernis
608 1779 698 1836 etism
715 1778 826 1836 Callias
845 1777 1022 1847 affectavere,

137 1895 174 1934 so
193 1895 293 1934 rursus
312 1876 381 1934 inde
400 1876 477 1952 pulsi
494 1875 636 1955 proximis
654 1874 833 1953 temporibus
851 1872 1025 1952 triumphati

135 1973 232 2050 magis
247 1991 334 2049 quam
346 1972 418 2030 victi
431 1977 508 2031 sunt.

140 2143 378 2188 urruns-xcv.
419 2125 777 2199 decemchordarum
803 2125 847 2187 the
868 2125 939 2185 utto
966 2125 1028 2186 eid

188 2214 305 2275 Vistula.
347 2214 528 2290 Peculioaity
545 2215 636 2273 uolitet
656 2213 858 2292 decimestres
879 2213 922 2274 ilie
939 2211 1027 2272 Saevi

156 2315 157 2318 ’
172 2303 320 2380 frunethe
342 2304 419 2364 other
440 2303 585 2364 Cermuus.
629 2299 687 2364 I'lte
710 2303 870 2375 Semnones,
893 2302 936 2360 the
956 2311 1027 2361 most

180 2393 296 2450 ancieut
315 2393 379 2450 aud
388 2392 512 2466 foowus
535 2392 572 2466 of
589 2393 660 2450 these
678 2391 779 2462 tribea·
800 2391 873 2449 their
893 2389 1028 2464 redipious

179 2480 248 2538 riter
265 2481 440 2539 oardsucrcd
449 2501 553 2556 proces.
597 2480 654 2538 rue
667 2479 855 2556 Lonpotcrdc'.
901 2477 1028 2554 Worsbip

180 2567 217 2642 of
224 2567 267 2626 tlte
279 2569 380 2627 Eortlt.
410 2566 513 2647 Sueocb
529 2567 612 2626 tribes
627 2567 713 2643 utroq
729 2567 773 2627 tlte
786 2565 915 2624 Doaaobe.
956 2565 1029 2623 Her-

179 2656 329 2729 munduri,
344 2655 555 2729 Mostcoosormi,
572 2654 676 2726 Quadi
722 2654 849 2730 Worstip
863 2653 1028 2727 resembticp

136 2784 139 2788 -
180 2743 242 2802 that
261 2741 298 2817 cs
313 2743 414 2804 Castor
433 2745 494 2802 arrd
507 2743 615 2802 Polluce
634 2763 737 2817 umcnq
755 2742 799 2801 tlte
816 2740 1026 2800 Nabuuurvuti.

182 2830 240 2897 Pte
261 2831 362 2903 Hosti,
390 2831 462 2891 their
488 2841 605 2890 scirem
621 2829 754 2906 ferocity.
798 2829 855 2888 Ibe
883 2827 1026 2890 Cotlaooes.

185 2918 244 2978 I'lrc
256 2917 386 2992 seems,
401 2939 421 2977 o
434 2919 578 2978 maritime
592 2917 668 2978 tribe.
703 2916 774 2977 Seue
787 2915 897 2993 teporis
908 2915 951 2974 tte
964 2911 1029 2974 Set

180 3028 253 3068 orces.
296 3007 354 3065 wa
378 3005 602 3066 destiti-umber
618 3004 722 3081 found
742 3005 778 3064 iu
803 3004 877 3068 cleis
896 3012 1029 3080 cocum.-

180 3097 218 3156 its
230 3102 335 3154 nature
348 3095 410 3153 med
417 3093 581 3172 propositos.
625 3093 683 3152 Tte
696 3091 814 3152 Sitorws.
933 3085 935 3088 ’

201 3221 392 3286 XXXVIII.
433 3222 523 3284 Nunc
562 3223 599 3282 de
639 3221 743 3284 suevis
780 3221 938 3283 dicendum
975 3226 1026 3294 est,

140 3339 266 3398 quorum
300 3337 360 3380 non
394 3339 462 3393 une,
497 3326 533 3378 ut
567 3319 741 3380 Chattorum
774 3319 1027 3392 Tencterorumve,

141 3439 227 3498 gens3
260 3419 400 3478 maiorem
433 3421 512 3479 enim
542 3420 715 3480 Germaniae
744 3425 859 3498 partem
885 3420 1028 3490 obtinent,

141 3518 266 3607 propriis
302 3517 397 3585 adhuc
439 3518 608 3590 ustionibus
642 3519 866 3597 nominibusque
902 3517 1017 3596 discreti
